%YAML 1.1
%TAG !u! tag:unity3d.com,2011:
--- !u!1 &192014
GameObject:
  m_ObjectHideFlags: 0
  m_PrefabParentObject: {fileID: 0}
  m_PrefabInternal: {fileID: 100100000}
  serializedVersion: 4
  m_Component:
  - 4: {fileID: 403756}
  - 114: {fileID: 11475678}
  - 114: {fileID: 11446446}
  m_Layer: 0
  m_Name: Fx
  m_TagString: Untagged
  m_Icon: {fileID: 0}
  m_NavMeshLayer: 0
  m_StaticEditorFlags: 0
  m_IsActive: 1
--- !u!1 &196584
GameObject:
  m_ObjectHideFlags: 0
  m_PrefabParentObject: {fileID: 0}
  m_PrefabInternal: {fileID: 100100000}
  serializedVersion: 4
  m_Component:
  - 4: {fileID: 411810}
  - 95: {fileID: 9531192}
  - 114: {fileID: 11431226}
  m_Layer: 0
  m_Name: FireMagic Blast
  m_TagString: Untagged
  m_Icon: {fileID: 0}
  m_NavMeshLayer: 0
  m_StaticEditorFlags: 0
  m_IsActive: 1
--- !u!4 &403756
Transform:
  m_ObjectHideFlags: 1
  m_PrefabParentObject: {fileID: 0}
  m_PrefabInternal: {fileID: 100100000}
  m_GameObject: {fileID: 192014}
  m_LocalRotation: {x: 0, y: 0, z: 0, w: 1}
  m_LocalPosition: {x: 0, y: 0.05, z: 0}
  m_LocalScale: {x: 1, y: 1, z: 1}
  m_Children: []
  m_Father: {fileID: 411810}
  m_RootOrder: 0
--- !u!4 &411810
Transform:
  m_ObjectHideFlags: 1
  m_PrefabParentObject: {fileID: 0}
  m_PrefabInternal: {fileID: 100100000}
  m_GameObject: {fileID: 196584}
  m_LocalRotation: {x: 0, y: 0, z: 0, w: 1}
  m_LocalPosition: {x: 0.3, y: 1, z: 0}
  m_LocalScale: {x: 1, y: 1, z: 1}
  m_Children:
  - {fileID: 403756}
  m_Father: {fileID: 0}
  m_RootOrder: 0
--- !u!95 &9531192
Animator:
  serializedVersion: 3
  m_ObjectHideFlags: 1
  m_PrefabParentObject: {fileID: 0}
  m_PrefabInternal: {fileID: 100100000}
  m_GameObject: {fileID: 196584}
  m_Enabled: 1
  m_Avatar: {fileID: 0}
  m_Controller: {fileID: 9100000, guid: e0c1b18c18fcce04b8924d9cd17e57ca, type: 2}
  m_CullingMode: 0
  m_UpdateMode: 0
  m_ApplyRootMotion: 0
  m_LinearVelocityBlending: 0
  m_WarningMessage: 
  m_HasTransformHierarchy: 1
  m_AllowConstantClipSamplingOptimization: 1
--- !u!114 &11431226
MonoBehaviour:
  m_ObjectHideFlags: 1
  m_PrefabParentObject: {fileID: 0}
  m_PrefabInternal: {fileID: 100100000}
  m_GameObject: {fileID: 196584}
  m_Enabled: 1
  m_EditorHideFlags: 0
  m_Script: {fileID: 11500000, guid: 50b85c2a9935b9a45b4dad314fe0c471, type: 3}
  m_Name: 
  m_EditorClassIdentifier: 
  anim: {fileID: 9531192}
--- !u!114 &11446446
MonoBehaviour:
  m_ObjectHideFlags: 1
  m_PrefabParentObject: {fileID: 0}
  m_PrefabInternal: {fileID: 100100000}
  m_GameObject: {fileID: 192014}
  m_Enabled: 1
  m_EditorHideFlags: 0
  m_Script: {fileID: 11500000, guid: d2b13de23a4671448b7d72e37aa669bc, type: 3}
  m_Name: 
  m_EditorClassIdentifier: 
  playNow: 0
  stopNow: 0
  Fx: {fileID: 11475678}
--- !u!114 &11475678
MonoBehaviour:
  m_ObjectHideFlags: 1
  m_PrefabParentObject: {fileID: 0}
  m_PrefabInternal: {fileID: 100100000}
  m_GameObject: {fileID: 192014}
  m_Enabled: 1
  m_EditorHideFlags: 0
  m_Script: {fileID: 325033367, guid: ec79681b151069449abd420a394fc9e3, type: 3}
  m_Name: 
  m_EditorClassIdentifier: 
  m_FxAttributesList:
  - m_Descriptor:
      Type: 31
      MinMaxFlag: 3
      Name: ColorFadeIn
      Description: 
      DefaultValue0: 0.25
      DefaultValue1: 0.05
      DefaultValue2: 1
      DefaultValue3: 0
      MinValue0: 0
      MinValue1: 0
      MinValue2: 0
      MinValue3: 0
      MaxValue0: 1
      MaxValue1: 1
      MaxValue2: 1
      MaxValue3: 1
    m_Value0: 0.759
    m_Value1: 0.03
    m_Value2: 0
    m_Value3: 1
  - m_Descriptor:
      Type: 28
      MinMaxFlag: 3
      Name: Scale
      Description: 
      DefaultValue0: 1
      DefaultValue1: 0
      DefaultValue2: 0
      DefaultValue3: 0
      MinValue0: 0
      MinValue1: 0
      MinValue2: 0
      MinValue3: 0
      MaxValue0: 1
      MaxValue1: 0
      MaxValue2: 0
      MaxValue3: 0
    m_Value0: 1
    m_Value1: 0
    m_Value2: 0
    m_Value3: 0
  m_PlayOnStart: 0
  m_BoundFx: {fileID: 102900000, guid: b6242a1ee8406014082f99f7f18c5e0a, type: 3}
  m_FxName: Particles/Magic/Fan_PowerShadow.pkfx
--- !u!1001 &100100000
Prefab:
  m_ObjectHideFlags: 1
  serializedVersion: 2
  m_Modification:
    m_TransformParent: {fileID: 0}
    m_Modifications: []
    m_RemovedComponents: []
  m_ParentPrefab: {fileID: 0}
  m_RootGameObject: {fileID: 196584}
  m_IsPrefabParent: 1
