%YAML 1.1
%TAG !u! tag:unity3d.com,2011:
--- !u!1 &108998
GameObject:
  m_ObjectHideFlags: 0
  m_PrefabParentObject: {fileID: 0}
  m_PrefabInternal: {fileID: 100100000}
  serializedVersion: 4
  m_Component:
  - 4: {fileID: 418084}
  - 20: {fileID: 2049080}
  - 114: {fileID: 11410310}
  - 114: {fileID: 11478022}
  m_Layer: 0
  m_Name: 3DP_Ostia_CatacombInsideD_Cam
  m_TagString: Untagged
  m_Icon: {fileID: 0}
  m_NavMeshLayer: 0
  m_StaticEditorFlags: 0
  m_IsActive: 1
--- !u!1 &114960
GameObject:
  m_ObjectHideFlags: 0
  m_PrefabParentObject: {fileID: 0}
  m_PrefabInternal: {fileID: 100100000}
  serializedVersion: 4
  m_Component:
  - 4: {fileID: 476706}
  - 33: {fileID: 3383698}
  - 23: {fileID: 2355966}
  - 64: {fileID: 6445928}
  m_Layer: 11
  m_Name: 3DP_Ostia_CatacombInsideD_door02A_collider
  m_TagString: Untagged
  m_Icon: {fileID: 0}
  m_NavMeshLayer: 0
  m_StaticEditorFlags: 0
  m_IsActive: 1
--- !u!1 &120978
GameObject:
  m_ObjectHideFlags: 0
  m_PrefabParentObject: {fileID: 0}
  m_PrefabInternal: {fileID: 100100000}
  serializedVersion: 4
  m_Component:
  - 4: {fileID: 437538}
  - 33: {fileID: 3316910}
  - 23: {fileID: 2348770}
  m_Layer: 0
  m_Name: 3DP_Ostia_CatacombInsideD_FG
  m_TagString: Untagged
  m_Icon: {fileID: 0}
  m_NavMeshLayer: 0
  m_StaticEditorFlags: 0
  m_IsActive: 1
--- !u!1 &136900
GameObject:
  m_ObjectHideFlags: 0
  m_PrefabParentObject: {fileID: 0}
  m_PrefabInternal: {fileID: 100100000}
  serializedVersion: 4
  m_Component:
  - 4: {fileID: 449452}
  - 33: {fileID: 3379320}
  - 23: {fileID: 2392474}
  - 64: {fileID: 6450760}
  m_Layer: 11
  m_Name: 3DP_Ostia_CatacombInsideD_door plane02
  m_TagString: Untagged
  m_Icon: {fileID: 0}
  m_NavMeshLayer: 0
  m_StaticEditorFlags: 0
  m_IsActive: 1
--- !u!1 &147422
GameObject:
  m_ObjectHideFlags: 0
  m_PrefabParentObject: {fileID: 0}
  m_PrefabInternal: {fileID: 100100000}
  serializedVersion: 4
  m_Component:
  - 4: {fileID: 496192}
  - 33: {fileID: 3302318}
  - 23: {fileID: 2308050}
  - 64: {fileID: 6464872}
  m_Layer: 11
  m_Name: 3DP_Ostia_CatacombInsideD_door02B_collider
  m_TagString: Untagged
  m_Icon: {fileID: 0}
  m_NavMeshLayer: 0
  m_StaticEditorFlags: 0
  m_IsActive: 1
--- !u!1 &147738
GameObject:
  m_ObjectHideFlags: 0
  m_PrefabParentObject: {fileID: 0}
  m_PrefabInternal: {fileID: 100100000}
  serializedVersion: 4
  m_Component:
  - 4: {fileID: 452394}
  - 33: {fileID: 3382438}
  - 23: {fileID: 2362858}
  m_Layer: 0
  m_Name: 3DP_Ostia_CatacombInsideD_BG
  m_TagString: Untagged
  m_Icon: {fileID: 0}
  m_NavMeshLayer: 0
  m_StaticEditorFlags: 0
  m_IsActive: 1
--- !u!1 &152722
GameObject:
  m_ObjectHideFlags: 0
  m_PrefabParentObject: {fileID: 0}
  m_PrefabInternal: {fileID: 100100000}
  serializedVersion: 4
  m_Component:
  - 4: {fileID: 485404}
  - 33: {fileID: 3360166}
  - 23: {fileID: 2363812}
  - 64: {fileID: 6478468}
  m_Layer: 14
  m_Name: 3DP_Ostia_CatacombInsideD_wall
  m_TagString: Untagged
  m_Icon: {fileID: 0}
  m_NavMeshLayer: 0
  m_StaticEditorFlags: 0
  m_IsActive: 1
--- !u!1 &153596
GameObject:
  m_ObjectHideFlags: 0
  m_PrefabParentObject: {fileID: 0}
  m_PrefabInternal: {fileID: 100100000}
  serializedVersion: 4
  m_Component:
  - 4: {fileID: 407370}
  - 33: {fileID: 3389582}
  - 23: {fileID: 2321236}
  - 64: {fileID: 6499766}
  m_Layer: 11
  m_Name: 3DP_Ostia_CatacombInsideD_door plane01
  m_TagString: Untagged
  m_Icon: {fileID: 0}
  m_NavMeshLayer: 0
  m_StaticEditorFlags: 0
  m_IsActive: 1
--- !u!1 &154384
GameObject:
  m_ObjectHideFlags: 0
  m_PrefabParentObject: {fileID: 0}
  m_PrefabInternal: {fileID: 100100000}
  serializedVersion: 4
  m_Component:
  - 4: {fileID: 482386}
  - 33: {fileID: 3380372}
  - 23: {fileID: 2384492}
  - 64: {fileID: 6451888}
  m_Layer: 11
  m_Name: 3DP_Ostia_CatacombInsideD_Ground
  m_TagString: Untagged
  m_Icon: {fileID: 0}
  m_NavMeshLayer: 0
  m_StaticEditorFlags: 0
  m_IsActive: 1
--- !u!1 &167474
GameObject:
  m_ObjectHideFlags: 0
  m_PrefabParentObject: {fileID: 0}
  m_PrefabInternal: {fileID: 100100000}
  serializedVersion: 4
  m_Component:
  - 4: {fileID: 459616}
  - 33: {fileID: 3332416}
  - 23: {fileID: 2398168}
  m_Layer: 0
  m_Name: 3DP_Ostia_CatacombInsideD_door02B
  m_TagString: Untagged
  m_Icon: {fileID: 0}
  m_NavMeshLayer: 0
  m_StaticEditorFlags: 0
  m_IsActive: 1
--- !u!1 &169364
GameObject:
  m_ObjectHideFlags: 0
  m_PrefabParentObject: {fileID: 0}
  m_PrefabInternal: {fileID: 100100000}
  serializedVersion: 4
  m_Component:
  - 4: {fileID: 408834}
  - 33: {fileID: 3308034}
  - 23: {fileID: 2347620}
  m_Layer: 0
  m_Name: 3DP_Ostia_CatacombInsideD_door01
  m_TagString: Untagged
  m_Icon: {fileID: 0}
  m_NavMeshLayer: 0
  m_StaticEditorFlags: 0
  m_IsActive: 1
--- !u!1 &175550
GameObject:
  m_ObjectHideFlags: 0
  m_PrefabParentObject: {fileID: 0}
  m_PrefabInternal: {fileID: 100100000}
  serializedVersion: 4
  m_Component:
  - 4: {fileID: 411572}
  - 33: {fileID: 3388140}
  - 23: {fileID: 2315372}
  m_Layer: 0
  m_Name: 3DP_Ostia_CatacombInsideD_door02A
  m_TagString: Untagged
  m_Icon: {fileID: 0}
  m_NavMeshLayer: 0
  m_StaticEditorFlags: 0
  m_IsActive: 1
--- !u!1 &181420
GameObject:
  m_ObjectHideFlags: 0
  m_PrefabParentObject: {fileID: 0}
  m_PrefabInternal: {fileID: 100100000}
  serializedVersion: 4
  m_Component:
  - 4: {fileID: 487270}
  - 33: {fileID: 3314210}
  - 23: {fileID: 2342450}
  - 64: {fileID: 6474206}
  m_Layer: 11
  m_Name: 3DP_Ostia_CatacombInsideD_collider
  m_TagString: Untagged
  m_Icon: {fileID: 0}
  m_NavMeshLayer: 0
  m_StaticEditorFlags: 0
  m_IsActive: 1
--- !u!1 &190634
GameObject:
  m_ObjectHideFlags: 0
  m_PrefabParentObject: {fileID: 0}
  m_PrefabInternal: {fileID: 100100000}
  serializedVersion: 4
  m_Component:
  - 4: {fileID: 488406}
  m_Layer: 0
  m_Name: Ostia_CatacombInsideD
  m_TagString: Untagged
  m_Icon: {fileID: 0}
  m_NavMeshLayer: 0
  m_StaticEditorFlags: 0
  m_IsActive: 1
--- !u!4 &407370
Transform:
  m_ObjectHideFlags: 1
  m_PrefabParentObject: {fileID: 0}
  m_PrefabInternal: {fileID: 100100000}
  m_GameObject: {fileID: 153596}
  m_LocalRotation: {x: 0.0000000067537833, y: 0.95105654, z: -0.000000020786002, w: 0.3090171}
  m_LocalPosition: {x: -2.037514, y: 6.1700115, z: 3.595935}
  m_LocalScale: {x: 1.5998498, y: 1.5998499, z: 1.5998499}
  m_LocalEulerAnglesHint: {x: 0, y: 144, z: 0}
  m_Children: []
  m_Father: {fileID: 488406}
  m_RootOrder: 3
--- !u!4 &408834
Transform:
  m_ObjectHideFlags: 1
  m_PrefabParentObject: {fileID: 0}
  m_PrefabInternal: {fileID: 100100000}
  m_GameObject: {fileID: 169364}
  m_LocalRotation: {x: -0.21850798, y: 0.6724985, z: 0.6724985, w: 0.21850798}
  m_LocalPosition: {x: -4.704086, y: 1.0753068, z: 1.7281061}
  m_LocalScale: {x: 49.739216, y: 49.739216, z: 49.739216}
  m_LocalEulerAnglesHint: {x: -90, y: 144, z: 0}
  m_Children: []
  m_Father: {fileID: 488406}
  m_RootOrder: 5
--- !u!4 &411572
Transform:
  m_ObjectHideFlags: 1
  m_PrefabParentObject: {fileID: 0}
  m_PrefabInternal: {fileID: 100100000}
  m_GameObject: {fileID: 175550}
  m_LocalRotation: {x: -0.30070582, y: 0.00000014969373, z: 0.95371693, w: 0.000000047198252}
  m_LocalPosition: {x: -5.399981, y: 2.023531, z: 3.3699763}
  m_LocalScale: {x: -49.739212, y: -49.739216, z: -49.739212}
  m_LocalEulerAnglesHint: {x: 0, y: -35, z: -180}
  m_Children: []
  m_Father: {fileID: 488406}
  m_RootOrder: 6
--- !u!4 &418084
Transform:
  m_ObjectHideFlags: 1
  m_PrefabParentObject: {fileID: 0}
  m_PrefabInternal: {fileID: 100100000}
  m_GameObject: {fileID: 108998}
  m_LocalRotation: {x: 0.21535334, y: -0.00000027751665, z: -0.000000047521976, w: 0.9765362}
  m_LocalPosition: {x: -0.00000034471572, y: 16.47785, z: -28.743595}
  m_LocalScale: {x: 0.99999726, y: 0.9999994, z: 0.9999998}
  m_LocalEulerAnglesHint: {x: 24.8725, y: 0, z: 0}
  m_Children: []
  m_Father: {fileID: 488406}
  m_RootOrder: 1
--- !u!4 &437538
Transform:
  m_ObjectHideFlags: 1
  m_PrefabParentObject: {fileID: 0}
  m_PrefabInternal: {fileID: 100100000}
  m_GameObject: {fileID: 120978}
  m_LocalRotation: {x: -0.7071068, y: 0, z: -0, w: 0.7071068}
  m_LocalPosition: {x: 1.5309063, y: 12.2942705, z: -24.007982}
  m_LocalScale: {x: 1, y: 1, z: 1}
  m_LocalEulerAnglesHint: {x: -90, y: 0, z: 0}
  m_Children: []
  m_Father: {fileID: 488406}
  m_RootOrder: 10
--- !u!4 &449452
Transform:
  m_ObjectHideFlags: 1
  m_PrefabParentObject: {fileID: 0}
  m_PrefabInternal: {fileID: 100100000}
  m_GameObject: {fileID: 136900}
  m_LocalRotation: {x: 0.0000000065721335, y: 0.95371693, z: -0.000000020844144, w: 0.3007058}
  m_LocalPosition: {x: -3.1145725, y: 6.1700115, z: 4.7707186}
  m_LocalScale: {x: 1.59985, y: 1.5998499, z: 1.59985}
  m_LocalEulerAnglesHint: {x: 0, y: 145, z: 0}
  m_Children: []
  m_Father: {fileID: 488406}
  m_RootOrder: 4
--- !u!4 &452394
Transform:
  m_ObjectHideFlags: 1
  m_PrefabParentObject: {fileID: 0}
  m_PrefabInternal: {fileID: 100100000}
  m_GameObject: {fileID: 147738}
  m_LocalRotation: {x: -0.000000029446591, y: 0.53823745, z: 0.8427932, w: 0.00000009416013}
  m_LocalPosition: {x: -0.000001745236, y: -25.581772, z: 61.981182}
  m_LocalScale: {x: 22.75, y: 22.749998, z: 22.75}
  m_LocalEulerAnglesHint: {x: -65.127495, y: 0, z: 180}
  m_Children: []
  m_Father: {fileID: 488406}
  m_RootOrder: 0
--- !u!4 &459616
Transform:
  m_ObjectHideFlags: 1
  m_PrefabParentObject: {fileID: 0}
  m_PrefabInternal: {fileID: 100100000}
  m_GameObject: {fileID: 167474}
  m_LocalRotation: {x: 0.0000000065721344, y: 0.95371693, z: -0.000000020844146, w: 0.30070582}
  m_LocalPosition: {x: 0.3145886, y: 2.023531, z: 7.3713603}
  m_LocalScale: {x: 49.739212, y: 49.739216, z: 49.739212}
  m_LocalEulerAnglesHint: {x: 0, y: 145, z: 0}
  m_Children: []
  m_Father: {fileID: 488406}
  m_RootOrder: 8
--- !u!4 &476706
Transform:
  m_ObjectHideFlags: 1
  m_PrefabParentObject: {fileID: 0}
  m_PrefabInternal: {fileID: 100100000}
  m_GameObject: {fileID: 114960}
  m_LocalRotation: {x: -0.300706, y: 0.00000037707753, z: 0.9537169, w: 0.00000011889218}
  m_LocalPosition: {x: -5.399981, y: 2.023531, z: 3.3699763}
  m_LocalScale: {x: 0.99999994, y: 1, z: 1}
  m_LocalEulerAnglesHint: {x: 0, y: -35, z: -180}
  m_Children: []
  m_Father: {fileID: 488406}
  m_RootOrder: 7
--- !u!4 &482386
Transform:
  m_ObjectHideFlags: 1
  m_PrefabParentObject: {fileID: 0}
  m_PrefabInternal: {fileID: 100100000}
  m_GameObject: {fileID: 154384}
  m_LocalRotation: {x: -0.6732858, y: -0.21607019, z: -0.21607025, w: 0.67328566}
  m_LocalPosition: {x: 0, y: 0, z: 0}
  m_LocalScale: {x: 0.99999946, y: 0.9999995, z: 0.9999985}
  m_LocalEulerAnglesHint: {x: -90, y: -35.5849, z: 0}
  m_Children: []
  m_Father: {fileID: 488406}
  m_RootOrder: 11
--- !u!4 &485404
Transform:
  m_ObjectHideFlags: 1
  m_PrefabParentObject: {fileID: 0}
  m_PrefabInternal: {fileID: 100100000}
  m_GameObject: {fileID: 152722}
  m_LocalRotation: {x: -0.6732858, y: -0.21607022, z: -0.21607026, w: 0.67328566}
  m_LocalPosition: {x: 0, y: 0, z: 0}
  m_LocalScale: {x: 0.99999964, y: 0.9999994, z: 0.99999845}
  m_LocalEulerAnglesHint: {x: -90, y: -35.5849, z: 0}
  m_Children: []
  m_Father: {fileID: 488406}
  m_RootOrder: 12
--- !u!4 &487270
Transform:
  m_ObjectHideFlags: 1
  m_PrefabParentObject: {fileID: 0}
  m_PrefabInternal: {fileID: 100100000}
  m_GameObject: {fileID: 181420}
  m_LocalRotation: {x: -0.7071068, y: 0, z: -0, w: 0.7071068}
  m_LocalPosition: {x: 0.45067263, y: 0, z: -1.9104182}
  m_LocalScale: {x: 0.79645723, y: 0.9235871, z: 0.9235871}
  m_LocalEulerAnglesHint: {x: -90, y: 0, z: 0}
  m_Children: []
  m_Father: {fileID: 488406}
  m_RootOrder: 2
--- !u!4 &488406
Transform:
  m_ObjectHideFlags: 1
  m_PrefabParentObject: {fileID: 0}
  m_PrefabInternal: {fileID: 100100000}
  m_GameObject: {fileID: 190634}
  m_LocalRotation: {x: 0, y: 0, z: 0, w: 1}
  m_LocalPosition: {x: 0, y: 0, z: 0}
  m_LocalScale: {x: 1, y: 1, z: 1}
  m_LocalEulerAnglesHint: {x: 0, y: 0, z: 0}
  m_Children:
  - {fileID: 452394}
  - {fileID: 418084}
  - {fileID: 487270}
  - {fileID: 407370}
  - {fileID: 449452}
  - {fileID: 408834}
  - {fileID: 411572}
  - {fileID: 476706}
  - {fileID: 459616}
  - {fileID: 496192}
  - {fileID: 437538}
  - {fileID: 482386}
  - {fileID: 485404}
  m_Father: {fileID: 0}
  m_RootOrder: 0
--- !u!4 &496192
Transform:
  m_ObjectHideFlags: 1
  m_PrefabParentObject: {fileID: 0}
  m_PrefabInternal: {fileID: 100100000}
  m_GameObject: {fileID: 147422}
  m_LocalRotation: {x: 0.000000006572136, y: 0.95371693, z: -0.000000020844144, w: 0.3007059}
  m_LocalPosition: {x: 0.3145886, y: 2.023531, z: 7.3713603}
  m_LocalScale: {x: 1, y: 1, z: 0.9999999}
  m_LocalEulerAnglesHint: {x: 0, y: 145, z: 0}
  m_Children: []
  m_Father: {fileID: 488406}
  m_RootOrder: 9
--- !u!20 &2049080
Camera:
  m_ObjectHideFlags: 1
  m_PrefabParentObject: {fileID: 0}
  m_PrefabInternal: {fileID: 100100000}
  m_GameObject: {fileID: 108998}
  m_Enabled: 1
  serializedVersion: 2
  m_ClearFlags: 1
  m_BackGroundColor: {r: 0.19215687, g: 0.3019608, b: 0.4745098, a: 0.019607844}
  m_NormalizedViewPortRect:
    serializedVersion: 2
    x: 0
    y: 0
    width: 1
    height: 1
  near clip plane: 0.3
  far clip plane: 1000
  field of view: 26
  orthographic: 0
  orthographic size: 5
  m_Depth: 0
  m_CullingMask:
    serializedVersion: 2
    m_Bits: 4294967295
  m_RenderingPath: -1
  m_TargetTexture: {fileID: 0}
  m_TargetDisplay: 0
  m_TargetEye: 3
  m_HDR: 0
  m_OcclusionCulling: 1
  m_StereoConvergence: 10
  m_StereoSeparation: 0.022
  m_StereoMirrorMode: 0
--- !u!23 &2308050
MeshRenderer:
  m_ObjectHideFlags: 1
  m_PrefabParentObject: {fileID: 0}
  m_PrefabInternal: {fileID: 100100000}
  m_GameObject: {fileID: 147422}
  m_Enabled: 0
  m_CastShadows: 0
  m_ReceiveShadows: 0
  m_Materials:
  - {fileID: 10303, guid: 0000000000000000f000000000000000, type: 0}
  m_SubsetIndices: 
  m_StaticBatchRoot: {fileID: 0}
  m_UseLightProbes: 1
  m_ReflectionProbeUsage: 1
  m_ProbeAnchor: {fileID: 0}
  m_ScaleInLightmap: 1
  m_PreserveUVs: 0
  m_IgnoreNormalsForChartDetection: 0
  m_ImportantGI: 0
  m_MinimumChartSize: 4
  m_AutoUVMaxDistance: 0.5
  m_AutoUVMaxAngle: 89
  m_LightmapParameters: {fileID: 0}
  m_SortingLayerID: 0
  m_SortingOrder: 0
--- !u!23 &2315372
MeshRenderer:
  m_ObjectHideFlags: 1
  m_PrefabParentObject: {fileID: 0}
  m_PrefabInternal: {fileID: 100100000}
  m_GameObject: {fileID: 175550}
  m_Enabled: 1
  m_CastShadows: 0
  m_ReceiveShadows: 0
  m_Materials:
  - {fileID: 10303, guid: 0000000000000000f000000000000000, type: 0}
  m_SubsetIndices: 
  m_StaticBatchRoot: {fileID: 0}
  m_UseLightProbes: 1
  m_ReflectionProbeUsage: 1
  m_ProbeAnchor: {fileID: 0}
  m_ScaleInLightmap: 1
  m_PreserveUVs: 0
  m_IgnoreNormalsForChartDetection: 0
  m_ImportantGI: 0
  m_MinimumChartSize: 4
  m_AutoUVMaxDistance: 0.5
  m_AutoUVMaxAngle: 89
  m_LightmapParameters: {fileID: 0}
  m_SortingLayerID: 0
  m_SortingOrder: 0
--- !u!23 &2321236
MeshRenderer:
  m_ObjectHideFlags: 1
  m_PrefabParentObject: {fileID: 0}
  m_PrefabInternal: {fileID: 100100000}
  m_GameObject: {fileID: 153596}
  m_Enabled: 0
  m_CastShadows: 0
  m_ReceiveShadows: 0
  m_Materials:
  - {fileID: 10303, guid: 0000000000000000f000000000000000, type: 0}
  m_SubsetIndices: 
  m_StaticBatchRoot: {fileID: 0}
  m_UseLightProbes: 1
  m_ReflectionProbeUsage: 1
  m_ProbeAnchor: {fileID: 0}
  m_ScaleInLightmap: 1
  m_PreserveUVs: 0
  m_IgnoreNormalsForChartDetection: 0
  m_ImportantGI: 0
  m_MinimumChartSize: 4
  m_AutoUVMaxDistance: 0.5
  m_AutoUVMaxAngle: 89
  m_LightmapParameters: {fileID: 0}
  m_SortingLayerID: 0
  m_SortingOrder: 0
--- !u!23 &2342450
MeshRenderer:
  m_ObjectHideFlags: 1
  m_PrefabParentObject: {fileID: 0}
  m_PrefabInternal: {fileID: 100100000}
  m_GameObject: {fileID: 181420}
  m_Enabled: 0
  m_CastShadows: 1
  m_ReceiveShadows: 1
  m_Materials:
  - {fileID: 10303, guid: 0000000000000000f000000000000000, type: 0}
  m_SubsetIndices: 
  m_StaticBatchRoot: {fileID: 0}
  m_UseLightProbes: 1
  m_ReflectionProbeUsage: 1
  m_ProbeAnchor: {fileID: 0}
  m_ScaleInLightmap: 1
  m_PreserveUVs: 0
  m_IgnoreNormalsForChartDetection: 0
  m_ImportantGI: 0
  m_MinimumChartSize: 4
  m_AutoUVMaxDistance: 0.5
  m_AutoUVMaxAngle: 89
  m_LightmapParameters: {fileID: 0}
  m_SortingLayerID: 0
  m_SortingOrder: 0
--- !u!23 &2347620
MeshRenderer:
  m_ObjectHideFlags: 1
  m_PrefabParentObject: {fileID: 0}
  m_PrefabInternal: {fileID: 100100000}
  m_GameObject: {fileID: 169364}
  m_Enabled: 1
  m_CastShadows: 0
  m_ReceiveShadows: 0
  m_Materials:
  - {fileID: 10303, guid: 0000000000000000f000000000000000, type: 0}
  m_SubsetIndices: 
  m_StaticBatchRoot: {fileID: 0}
  m_UseLightProbes: 1
  m_ReflectionProbeUsage: 1
  m_ProbeAnchor: {fileID: 0}
  m_ScaleInLightmap: 1
  m_PreserveUVs: 0
  m_IgnoreNormalsForChartDetection: 0
  m_ImportantGI: 0
  m_MinimumChartSize: 4
  m_AutoUVMaxDistance: 0.5
  m_AutoUVMaxAngle: 89
  m_LightmapParameters: {fileID: 0}
  m_SortingLayerID: 0
  m_SortingOrder: 0
--- !u!23 &2348770
MeshRenderer:
  m_ObjectHideFlags: 1
  m_PrefabParentObject: {fileID: 0}
  m_PrefabInternal: {fileID: 100100000}
  m_GameObject: {fileID: 120978}
  m_Enabled: 1
  m_CastShadows: 0
  m_ReceiveShadows: 0
  m_Materials:
  - {fileID: 2100000, guid: 41bd854cc155e7c48bf7f76e371d213b, type: 2}
  m_SubsetIndices: 
  m_StaticBatchRoot: {fileID: 0}
  m_UseLightProbes: 1
  m_ReflectionProbeUsage: 1
  m_ProbeAnchor: {fileID: 0}
  m_ScaleInLightmap: 1
  m_PreserveUVs: 0
  m_IgnoreNormalsForChartDetection: 0
  m_ImportantGI: 0
  m_MinimumChartSize: 4
  m_AutoUVMaxDistance: 0.5
  m_AutoUVMaxAngle: 89
  m_LightmapParameters: {fileID: 0}
  m_SortingLayerID: 0
  m_SortingOrder: 0
--- !u!23 &2355966
MeshRenderer:
  m_ObjectHideFlags: 1
  m_PrefabParentObject: {fileID: 0}
  m_PrefabInternal: {fileID: 100100000}
  m_GameObject: {fileID: 114960}
  m_Enabled: 0
  m_CastShadows: 0
  m_ReceiveShadows: 0
  m_Materials:
  - {fileID: 10303, guid: 0000000000000000f000000000000000, type: 0}
  m_SubsetIndices: 
  m_StaticBatchRoot: {fileID: 0}
  m_UseLightProbes: 1
  m_ReflectionProbeUsage: 1
  m_ProbeAnchor: {fileID: 0}
  m_ScaleInLightmap: 1
  m_PreserveUVs: 0
  m_IgnoreNormalsForChartDetection: 0
  m_ImportantGI: 0
  m_MinimumChartSize: 4
  m_AutoUVMaxDistance: 0.5
  m_AutoUVMaxAngle: 89
  m_LightmapParameters: {fileID: 0}
  m_SortingLayerID: 0
  m_SortingOrder: 0
--- !u!23 &2362858
MeshRenderer:
  m_ObjectHideFlags: 1
  m_PrefabParentObject: {fileID: 0}
  m_PrefabInternal: {fileID: 100100000}
  m_GameObject: {fileID: 147738}
  m_Enabled: 1
  m_CastShadows: 1
  m_ReceiveShadows: 1
  m_Materials:
  - {fileID: 2100000, guid: 33a428b55ea950e45a4e488b33268478, type: 2}
  m_SubsetIndices: 
  m_StaticBatchRoot: {fileID: 0}
  m_UseLightProbes: 1
  m_ReflectionProbeUsage: 1
  m_ProbeAnchor: {fileID: 0}
  m_ScaleInLightmap: 1
  m_PreserveUVs: 0
  m_IgnoreNormalsForChartDetection: 0
  m_ImportantGI: 0
  m_MinimumChartSize: 4
  m_AutoUVMaxDistance: 0.5
  m_AutoUVMaxAngle: 89
  m_LightmapParameters: {fileID: 0}
  m_SortingLayerID: 0
  m_SortingOrder: 0
--- !u!23 &2363812
MeshRenderer:
  m_ObjectHideFlags: 1
  m_PrefabParentObject: {fileID: 0}
  m_PrefabInternal: {fileID: 100100000}
  m_GameObject: {fileID: 152722}
  m_Enabled: 0
  m_CastShadows: 1
  m_ReceiveShadows: 1
  m_Materials:
  - {fileID: 10303, guid: 0000000000000000f000000000000000, type: 0}
  m_SubsetIndices: 
  m_StaticBatchRoot: {fileID: 0}
  m_UseLightProbes: 1
  m_ReflectionProbeUsage: 1
  m_ProbeAnchor: {fileID: 0}
  m_ScaleInLightmap: 1
  m_PreserveUVs: 0
  m_IgnoreNormalsForChartDetection: 0
  m_ImportantGI: 0
  m_MinimumChartSize: 4
  m_AutoUVMaxDistance: 0.5
  m_AutoUVMaxAngle: 89
  m_LightmapParameters: {fileID: 0}
  m_SortingLayerID: 0
  m_SortingOrder: 0
--- !u!23 &2384492
MeshRenderer:
  m_ObjectHideFlags: 1
  m_PrefabParentObject: {fileID: 0}
  m_PrefabInternal: {fileID: 100100000}
  m_GameObject: {fileID: 154384}
  m_Enabled: 1
  m_CastShadows: 1
  m_ReceiveShadows: 1
  m_Materials:
  - {fileID: 2100000, guid: d6a03adb1d832fe4d8a714123689e475, type: 2}
  m_SubsetIndices: 
  m_StaticBatchRoot: {fileID: 0}
  m_UseLightProbes: 1
  m_ReflectionProbeUsage: 1
  m_ProbeAnchor: {fileID: 0}
  m_ScaleInLightmap: 1
  m_PreserveUVs: 0
  m_IgnoreNormalsForChartDetection: 0
  m_ImportantGI: 0
  m_MinimumChartSize: 4
  m_AutoUVMaxDistance: 0.5
  m_AutoUVMaxAngle: 89
  m_LightmapParameters: {fileID: 0}
  m_SortingLayerID: 0
  m_SortingOrder: 0
--- !u!23 &2392474
MeshRenderer:
  m_ObjectHideFlags: 1
  m_PrefabParentObject: {fileID: 0}
  m_PrefabInternal: {fileID: 100100000}
  m_GameObject: {fileID: 136900}
  m_Enabled: 0
  m_CastShadows: 0
  m_ReceiveShadows: 0
  m_Materials:
  - {fileID: 10303, guid: 0000000000000000f000000000000000, type: 0}
  m_SubsetIndices: 
  m_StaticBatchRoot: {fileID: 0}
  m_UseLightProbes: 1
  m_ReflectionProbeUsage: 1
  m_ProbeAnchor: {fileID: 0}
  m_ScaleInLightmap: 1
  m_PreserveUVs: 0
  m_IgnoreNormalsForChartDetection: 0
  m_ImportantGI: 0
  m_MinimumChartSize: 4
  m_AutoUVMaxDistance: 0.5
  m_AutoUVMaxAngle: 89
  m_LightmapParameters: {fileID: 0}
  m_SortingLayerID: 0
  m_SortingOrder: 0
--- !u!23 &2398168
MeshRenderer:
  m_ObjectHideFlags: 1
  m_PrefabParentObject: {fileID: 0}
  m_PrefabInternal: {fileID: 100100000}
  m_GameObject: {fileID: 167474}
  m_Enabled: 1
  m_CastShadows: 0
  m_ReceiveShadows: 0
  m_Materials:
  - {fileID: 10303, guid: 0000000000000000f000000000000000, type: 0}
  m_SubsetIndices: 
  m_StaticBatchRoot: {fileID: 0}
  m_UseLightProbes: 1
  m_ReflectionProbeUsage: 1
  m_ProbeAnchor: {fileID: 0}
  m_ScaleInLightmap: 1
  m_PreserveUVs: 0
  m_IgnoreNormalsForChartDetection: 0
  m_ImportantGI: 0
  m_MinimumChartSize: 4
  m_AutoUVMaxDistance: 0.5
  m_AutoUVMaxAngle: 89
  m_LightmapParameters: {fileID: 0}
  m_SortingLayerID: 0
  m_SortingOrder: 0
--- !u!33 &3302318
MeshFilter:
  m_ObjectHideFlags: 1
  m_PrefabParentObject: {fileID: 0}
  m_PrefabInternal: {fileID: 100100000}
  m_GameObject: {fileID: 147422}
  m_Mesh: {fileID: 4300022, guid: daa50a28a459ee340b3bfdaf0d6700d4, type: 3}
--- !u!33 &3308034
MeshFilter:
  m_ObjectHideFlags: 1
  m_PrefabParentObject: {fileID: 0}
  m_PrefabInternal: {fileID: 100100000}
  m_GameObject: {fileID: 169364}
  m_Mesh: {fileID: 4300014, guid: daa50a28a459ee340b3bfdaf0d6700d4, type: 3}
--- !u!33 &3314210
MeshFilter:
  m_ObjectHideFlags: 1
  m_PrefabParentObject: {fileID: 0}
  m_PrefabInternal: {fileID: 100100000}
  m_GameObject: {fileID: 181420}
  m_Mesh: {fileID: 4300004, guid: daa50a28a459ee340b3bfdaf0d6700d4, type: 3}
--- !u!33 &3316910
MeshFilter:
  m_ObjectHideFlags: 1
  m_PrefabParentObject: {fileID: 0}
  m_PrefabInternal: {fileID: 100100000}
  m_GameObject: {fileID: 120978}
  m_Mesh: {fileID: 4300018, guid: daa50a28a459ee340b3bfdaf0d6700d4, type: 3}
--- !u!33 &3332416
MeshFilter:
  m_ObjectHideFlags: 1
  m_PrefabParentObject: {fileID: 0}
  m_PrefabInternal: {fileID: 100100000}
  m_GameObject: {fileID: 167474}
  m_Mesh: {fileID: 4300012, guid: daa50a28a459ee340b3bfdaf0d6700d4, type: 3}
--- !u!33 &3360166
MeshFilter:
  m_ObjectHideFlags: 1
  m_PrefabParentObject: {fileID: 0}
  m_PrefabInternal: {fileID: 100100000}
  m_GameObject: {fileID: 152722}
  m_Mesh: {fileID: 4300002, guid: daa50a28a459ee340b3bfdaf0d6700d4, type: 3}
--- !u!33 &3379320
MeshFilter:
  m_ObjectHideFlags: 1
  m_PrefabParentObject: {fileID: 0}
  m_PrefabInternal: {fileID: 100100000}
  m_GameObject: {fileID: 136900}
  m_Mesh: {fileID: 4300006, guid: daa50a28a459ee340b3bfdaf0d6700d4, type: 3}
--- !u!33 &3380372
MeshFilter:
  m_ObjectHideFlags: 1
  m_PrefabParentObject: {fileID: 0}
  m_PrefabInternal: {fileID: 100100000}
  m_GameObject: {fileID: 154384}
  m_Mesh: {fileID: 4300000, guid: daa50a28a459ee340b3bfdaf0d6700d4, type: 3}
--- !u!33 &3382438
MeshFilter:
  m_ObjectHideFlags: 1
  m_PrefabParentObject: {fileID: 0}
  m_PrefabInternal: {fileID: 100100000}
  m_GameObject: {fileID: 147738}
  m_Mesh: {fileID: 4300010, guid: daa50a28a459ee340b3bfdaf0d6700d4, type: 3}
--- !u!33 &3383698
MeshFilter:
  m_ObjectHideFlags: 1
  m_PrefabParentObject: {fileID: 0}
  m_PrefabInternal: {fileID: 100100000}
  m_GameObject: {fileID: 114960}
  m_Mesh: {fileID: 4300020, guid: daa50a28a459ee340b3bfdaf0d6700d4, type: 3}
--- !u!33 &3388140
MeshFilter:
  m_ObjectHideFlags: 1
  m_PrefabParentObject: {fileID: 0}
  m_PrefabInternal: {fileID: 100100000}
  m_GameObject: {fileID: 175550}
  m_Mesh: {fileID: 4300016, guid: daa50a28a459ee340b3bfdaf0d6700d4, type: 3}
--- !u!33 &3389582
MeshFilter:
  m_ObjectHideFlags: 1
  m_PrefabParentObject: {fileID: 0}
  m_PrefabInternal: {fileID: 100100000}
  m_GameObject: {fileID: 153596}
  m_Mesh: {fileID: 4300008, guid: daa50a28a459ee340b3bfdaf0d6700d4, type: 3}
--- !u!64 &6445928
MeshCollider:
  m_ObjectHideFlags: 1
  m_PrefabParentObject: {fileID: 0}
  m_PrefabInternal: {fileID: 100100000}
  m_GameObject: {fileID: 114960}
  m_Material: {fileID: 0}
  m_IsTrigger: 0
  m_Enabled: 1
  serializedVersion: 2
  m_Convex: 0
  m_Mesh: {fileID: 4300020, guid: daa50a28a459ee340b3bfdaf0d6700d4, type: 3}
--- !u!64 &6450760
MeshCollider:
  m_ObjectHideFlags: 1
  m_PrefabParentObject: {fileID: 0}
  m_PrefabInternal: {fileID: 100100000}
  m_GameObject: {fileID: 136900}
  m_Material: {fileID: 0}
  m_IsTrigger: 0
  m_Enabled: 1
  serializedVersion: 2
  m_Convex: 0
  m_Mesh: {fileID: 4300006, guid: daa50a28a459ee340b3bfdaf0d6700d4, type: 3}
--- !u!64 &6451888
MeshCollider:
  m_ObjectHideFlags: 1
  m_PrefabParentObject: {fileID: 0}
  m_PrefabInternal: {fileID: 100100000}
  m_GameObject: {fileID: 154384}
  m_Material: {fileID: 13400000, guid: c44939118dd6f7f4b95fdcf086fdafbb, type: 2}
  m_IsTrigger: 0
  m_Enabled: 1
  serializedVersion: 2
  m_Convex: 0
  m_Mesh: {fileID: 4300000, guid: daa50a28a459ee340b3bfdaf0d6700d4, type: 3}
--- !u!64 &6464872
MeshCollider:
  m_ObjectHideFlags: 1
  m_PrefabParentObject: {fileID: 0}
  m_PrefabInternal: {fileID: 100100000}
  m_GameObject: {fileID: 147422}
  m_Material: {fileID: 0}
  m_IsTrigger: 0
  m_Enabled: 1
  serializedVersion: 2
  m_Convex: 0
  m_Mesh: {fileID: 4300022, guid: daa50a28a459ee340b3bfdaf0d6700d4, type: 3}
--- !u!64 &6474206
MeshCollider:
  m_ObjectHideFlags: 1
  m_PrefabParentObject: {fileID: 0}
  m_PrefabInternal: {fileID: 100100000}
  m_GameObject: {fileID: 181420}
  m_Material: {fileID: 0}
  m_IsTrigger: 0
  m_Enabled: 1
  serializedVersion: 2
  m_Convex: 0
  m_Mesh: {fileID: 4300004, guid: daa50a28a459ee340b3bfdaf0d6700d4, type: 3}
--- !u!64 &6478468
MeshCollider:
  m_ObjectHideFlags: 1
  m_PrefabParentObject: {fileID: 0}
  m_PrefabInternal: {fileID: 100100000}
  m_GameObject: {fileID: 152722}
  m_Material: {fileID: 0}
  m_IsTrigger: 0
  m_Enabled: 1
  serializedVersion: 2
  m_Convex: 0
  m_Mesh: {fileID: 4300002, guid: daa50a28a459ee340b3bfdaf0d6700d4, type: 3}
--- !u!64 &6499766
MeshCollider:
  m_ObjectHideFlags: 1
  m_PrefabParentObject: {fileID: 0}
  m_PrefabInternal: {fileID: 100100000}
  m_GameObject: {fileID: 153596}
  m_Material: {fileID: 0}
  m_IsTrigger: 0
  m_Enabled: 1
  serializedVersion: 2
  m_Convex: 0
  m_Mesh: {fileID: 4300008, guid: daa50a28a459ee340b3bfdaf0d6700d4, type: 3}
--- !u!114 &11410310
MonoBehaviour:
  m_ObjectHideFlags: 1
  m_PrefabParentObject: {fileID: 0}
  m_PrefabInternal: {fileID: 100100000}
  m_GameObject: {fileID: 108998}
  m_Enabled: 1
  m_EditorHideFlags: 0
  m_Script: {fileID: 11500000, guid: 646b5bc27a658f447b1d929fd5ffbd70, type: 3}
  m_Name: 
  m_EditorClassIdentifier: 
  mode: 1
  showGeneratedNormals: 0
  offsetScale: 0.2
  blurRadius: 18
  edgeThresholdMin: 0.05
  edgeThreshold: 0.2
  edgeSharpness: 4
  dlaaSharp: 0
  ssaaShader: {fileID: 4800000, guid: b3728d1488b02490cbd196c7941bf1f8, type: 3}
  dlaaShader: {fileID: 4800000, guid: 017ca72b9e8a749058d13ebd527e98fa, type: 3}
  nfaaShader: {fileID: 4800000, guid: ce0cb2621f6d84e21a87414e471a3cce, type: 3}
  shaderFXAAPreset2: {fileID: 4800000, guid: 6f1418cffd12146f2a83be795f6fa5a7, type: 3}
  shaderFXAAPreset3: {fileID: 4800000, guid: c182fa94a5a0a4c02870641efcd38cd5, type: 3}
  shaderFXAAII: {fileID: 4800000, guid: cd5b323dcc592457790ff18b528f5e67, type: 3}
  shaderFXAAIII: {fileID: 4800000, guid: c547503fff0e8482ea5793727057041c, type: 3}
--- !u!114 &11478022
MonoBehaviour:
  m_ObjectHideFlags: 1
  m_PrefabParentObject: {fileID: 0}
  m_PrefabInternal: {fileID: 100100000}
  m_GameObject: {fileID: 108998}
  m_Enabled: 1
  m_EditorHideFlags: 0
  m_Script: {fileID: 11500000, guid: 1500c6b85298c214b8fe6ea200c1ffd8, type: 3}
  m_Name: 
  m_EditorClassIdentifier: 
  MainCamera: {fileID: 0}
--- !u!1001 &100100000
Prefab:
  m_ObjectHideFlags: 1
  serializedVersion: 2
  m_Modification:
    m_TransformParent: {fileID: 0}
    m_Modifications: []
    m_RemovedComponents: []
  m_ParentPrefab: {fileID: 0}
  m_RootGameObject: {fileID: 190634}
  m_IsPrefabParent: 1
