%YAML 1.1
%TAG !u! tag:unity3d.com,2011:
--- !u!1 &105122
GameObject:
  m_ObjectHideFlags: 1
  m_PrefabParentObject: {fileID: 0}
  m_PrefabInternal: {fileID: 100100000}
  serializedVersion: 4
  m_Component:
  - 4: {fileID: 402866}
  - 114: {fileID: 11417668}
  m_Layer: 0
  m_Name: Call Function
  m_TagString: Untagged
  m_Icon: {fileID: 0}
  m_NavMeshLayer: 0
  m_StaticEditorFlags: 0
  m_IsActive: 1
--- !u!1 &111274
GameObject:
  m_ObjectHideFlags: 0
  m_PrefabParentObject: {fileID: 0}
  m_PrefabInternal: {fileID: 100100000}
  serializedVersion: 4
  m_Component:
  - 4: {fileID: 410116}
  - 114: {fileID: 11486100}
  - 114: {fileID: 11409266}
  - 114: {fileID: 11493756}
  - 114: {fileID: 11445696}
  - 114: {fileID: 11497030}
  m_Layer: 0
  m_Name: Enter Shapur Sequence
  m_TagString: Untagged
  m_Icon: {fileID: 0}
  m_NavMeshLayer: 0
  m_StaticEditorFlags: 0
  m_IsActive: 1
--- !u!1 &111810
GameObject:
  m_ObjectHideFlags: 1
  m_PrefabParentObject: {fileID: 0}
  m_PrefabInternal: {fileID: 100100000}
  serializedVersion: 4
  m_Component:
  - 4: {fileID: 469764}
  - 114: {fileID: 11405194}
  m_Layer: 0
  m_Name: fBGM
  m_TagString: Untagged
  m_Icon: {fileID: 0}
  m_NavMeshLayer: 0
  m_StaticEditorFlags: 0
  m_IsActive: 1
--- !u!1 &115416
GameObject:
  m_ObjectHideFlags: 1
  m_PrefabParentObject: {fileID: 0}
  m_PrefabInternal: {fileID: 100100000}
  serializedVersion: 4
  m_Component:
  - 4: {fileID: 422532}
  - 114: {fileID: 11468206}
  m_Layer: 0
  m_Name: Aria
  m_TagString: Untagged
  m_Icon: {fileID: 0}
  m_NavMeshLayer: 0
  m_StaticEditorFlags: 0
  m_IsActive: 1
--- !u!1 &117006
GameObject:
  m_ObjectHideFlags: 1
  m_PrefabParentObject: {fileID: 0}
  m_PrefabInternal: {fileID: 100100000}
  serializedVersion: 4
  m_Component:
  - 4: {fileID: 431436}
  - 114: {fileID: 11445170}
  m_Layer: 0
  m_Name: Character Rotate To
  m_TagString: Untagged
  m_Icon: {fileID: 0}
  m_NavMeshLayer: 0
  m_StaticEditorFlags: 0
  m_IsActive: 1
--- !u!1 &119376
GameObject:
  m_ObjectHideFlags: 0
  m_PrefabParentObject: {fileID: 0}
  m_PrefabInternal: {fileID: 100100000}
  serializedVersion: 4
  m_Component:
  - 4: {fileID: 411146}
  m_Layer: 0
  m_Name: SequenceContent
  m_TagString: Untagged
  m_Icon: {fileID: 0}
  m_NavMeshLayer: 0
  m_StaticEditorFlags: 0
  m_IsActive: 1
--- !u!1 &119448
GameObject:
  m_ObjectHideFlags: 1
  m_PrefabParentObject: {fileID: 0}
  m_PrefabInternal: {fileID: 100100000}
  serializedVersion: 4
  m_Component:
  - 4: {fileID: 464544}
  - 114: {fileID: 11476816}
  m_Layer: 0
  m_Name: Flux.FCharacterRotateTo
  m_TagString: Untagged
  m_Icon: {fileID: 0}
  m_NavMeshLayer: 0
  m_StaticEditorFlags: 0
  m_IsActive: 1
--- !u!1 &124844
GameObject:
  m_ObjectHideFlags: 1
  m_PrefabParentObject: {fileID: 0}
  m_PrefabInternal: {fileID: 100100000}
  serializedVersion: 4
  m_Component:
  - 4: {fileID: 467432}
  - 114: {fileID: 11486090}
  m_Layer: 0
  m_Name: Enter Shapur Sequence
  m_TagString: Untagged
  m_Icon: {fileID: 0}
  m_NavMeshLayer: 0
  m_StaticEditorFlags: 0
  m_IsActive: 1
--- !u!1 &133518
GameObject:
  m_ObjectHideFlags: 1
  m_PrefabParentObject: {fileID: 0}
  m_PrefabInternal: {fileID: 100100000}
  serializedVersion: 4
  m_Component:
  - 4: {fileID: 401888}
  - 114: {fileID: 11430858}
  m_Layer: 0
  m_Name: Character Move
  m_TagString: Untagged
  m_Icon: {fileID: 0}
  m_NavMeshLayer: 0
  m_StaticEditorFlags: 0
  m_IsActive: 1
--- !u!1 &142420
GameObject:
  m_ObjectHideFlags: 1
  m_PrefabParentObject: {fileID: 0}
  m_PrefabInternal: {fileID: 100100000}
  serializedVersion: 4
  m_Component:
  - 4: {fileID: 499370}
  - 114: {fileID: 11447404}
  m_Layer: 0
  m_Name: Flux.StartDialogue
  m_TagString: Untagged
  m_Icon: {fileID: 0}
  m_NavMeshLayer: 0
  m_StaticEditorFlags: 0
  m_IsActive: 1
--- !u!1 &143530
GameObject:
  m_ObjectHideFlags: 1
  m_PrefabParentObject: {fileID: 0}
  m_PrefabInternal: {fileID: 100100000}
  serializedVersion: 4
  m_Component:
  - 4: {fileID: 458368}
  - 114: {fileID: 11498900}
  m_Layer: 0
  m_Name: Flux.FCallFunctionEvent
  m_TagString: Untagged
  m_Icon: {fileID: 0}
  m_NavMeshLayer: 0
  m_StaticEditorFlags: 0
  m_IsActive: 1
--- !u!1 &145774
GameObject:
  m_ObjectHideFlags: 1
  m_PrefabParentObject: {fileID: 0}
  m_PrefabInternal: {fileID: 100100000}
  serializedVersion: 4
  m_Component:
  - 4: {fileID: 490892}
  - 114: {fileID: 11495622}
  m_Layer: 0
  m_Name: Default
  m_TagString: Untagged
  m_Icon: {fileID: 0}
  m_NavMeshLayer: 0
  m_StaticEditorFlags: 0
  m_IsActive: 1
--- !u!1 &145980
GameObject:
  m_ObjectHideFlags: 1
  m_PrefabParentObject: {fileID: 0}
  m_PrefabInternal: {fileID: 100100000}
  serializedVersion: 4
  m_Component:
  - 4: {fileID: 425072}
  - 114: {fileID: 11413024}
  m_Layer: 0
  m_Name: Flux.FCharacterMove
  m_TagString: Untagged
  m_Icon: {fileID: 0}
  m_NavMeshLayer: 0
  m_StaticEditorFlags: 0
  m_IsActive: 1
--- !u!1 &148742
GameObject:
  m_ObjectHideFlags: 1
  m_PrefabParentObject: {fileID: 0}
  m_PrefabInternal: {fileID: 100100000}
  serializedVersion: 4
  m_Component:
  - 4: {fileID: 434012}
  - 114: {fileID: 11497760}
  m_Layer: 0
  m_Name: Start Dialogue
  m_TagString: Untagged
  m_Icon: {fileID: 0}
  m_NavMeshLayer: 0
  m_StaticEditorFlags: 0
  m_IsActive: 1
--- !u!1 &169042
GameObject:
  m_ObjectHideFlags: 1
  m_PrefabParentObject: {fileID: 0}
  m_PrefabInternal: {fileID: 100100000}
  serializedVersion: 4
  m_Component:
  - 4: {fileID: 405762}
  - 114: {fileID: 11420702}
  m_Layer: 0
  m_Name: Finn
  m_TagString: Untagged
  m_Icon: {fileID: 0}
  m_NavMeshLayer: 0
  m_StaticEditorFlags: 0
  m_IsActive: 1
--- !u!1 &171088
GameObject:
  m_ObjectHideFlags: 1
  m_PrefabParentObject: {fileID: 0}
  m_PrefabInternal: {fileID: 100100000}
  serializedVersion: 4
  m_Component:
  - 4: {fileID: 422628}
  - 114: {fileID: 11428154}
  m_Layer: 0
  m_Name: Call Function
  m_TagString: Untagged
  m_Icon: {fileID: 0}
  m_NavMeshLayer: 0
  m_StaticEditorFlags: 0
  m_IsActive: 1
--- !u!1 &174156
GameObject:
  m_ObjectHideFlags: 1
  m_PrefabParentObject: {fileID: 0}
  m_PrefabInternal: {fileID: 100100000}
  serializedVersion: 4
  m_Component:
  - 4: {fileID: 418340}
  - 114: {fileID: 11449318}
  m_Layer: 0
  m_Name: FBGM
  m_TagString: Untagged
  m_Icon: {fileID: 0}
  m_NavMeshLayer: 0
  m_StaticEditorFlags: 0
  m_IsActive: 1
--- !u!1 &174534
GameObject:
  m_ObjectHideFlags: 1
  m_PrefabParentObject: {fileID: 0}
  m_PrefabInternal: {fileID: 100100000}
  serializedVersion: 4
  m_Component:
  - 4: {fileID: 437358}
  - 114: {fileID: 11462840}
  m_Layer: 0
  m_Name: Flux.FCallFunctionEvent
  m_TagString: Untagged
  m_Icon: {fileID: 0}
  m_NavMeshLayer: 0
  m_StaticEditorFlags: 0
  m_IsActive: 1
--- !u!1 &176882
GameObject:
  m_ObjectHideFlags: 1
  m_PrefabParentObject: {fileID: 0}
  m_PrefabInternal: {fileID: 100100000}
  serializedVersion: 4
  m_Component:
  - 4: {fileID: 403098}
  - 114: {fileID: 11470982}
  m_Layer: 0
  m_Name: Character Move
  m_TagString: Untagged
  m_Icon: {fileID: 0}
  m_NavMeshLayer: 0
  m_StaticEditorFlags: 0
  m_IsActive: 1
--- !u!1 &178620
GameObject:
  m_ObjectHideFlags: 1
  m_PrefabParentObject: {fileID: 0}
  m_PrefabInternal: {fileID: 100100000}
  serializedVersion: 4
  m_Component:
  - 4: {fileID: 490528}
  - 114: {fileID: 11433238}
  m_Layer: 0
  m_Name: Flux.FCallFunctionEvent
  m_TagString: Untagged
  m_Icon: {fileID: 0}
  m_NavMeshLayer: 0
  m_StaticEditorFlags: 0
  m_IsActive: 1
--- !u!1 &184080
GameObject:
  m_ObjectHideFlags: 1
  m_PrefabParentObject: {fileID: 0}
  m_PrefabInternal: {fileID: 100100000}
  serializedVersion: 4
  m_Component:
  - 4: {fileID: 415918}
  - 114: {fileID: 11433646}
  m_Layer: 0
  m_Name: Flux.FCharacterRotateTo
  m_TagString: Untagged
  m_Icon: {fileID: 0}
  m_NavMeshLayer: 0
  m_StaticEditorFlags: 0
  m_IsActive: 1
--- !u!1 &187856
GameObject:
  m_ObjectHideFlags: 1
  m_PrefabParentObject: {fileID: 0}
  m_PrefabInternal: {fileID: 100100000}
  serializedVersion: 4
  m_Component:
  - 4: {fileID: 414784}
  - 114: {fileID: 11478130}
  m_Layer: 0
  m_Name: Flux.FCharacterMove
  m_TagString: Untagged
  m_Icon: {fileID: 0}
  m_NavMeshLayer: 0
  m_StaticEditorFlags: 0
  m_IsActive: 1
--- !u!1 &194246
GameObject:
  m_ObjectHideFlags: 1
  m_PrefabParentObject: {fileID: 0}
  m_PrefabInternal: {fileID: 100100000}
  serializedVersion: 4
  m_Component:
  - 4: {fileID: 457334}
  - 114: {fileID: 11469060}
  m_Layer: 0
  m_Name: Character Rotate To
  m_TagString: Untagged
  m_Icon: {fileID: 0}
  m_NavMeshLayer: 0
  m_StaticEditorFlags: 0
  m_IsActive: 1
--- !u!4 &401888
Transform:
  m_ObjectHideFlags: 1
  m_PrefabParentObject: {fileID: 0}
  m_PrefabInternal: {fileID: 100100000}
  m_GameObject: {fileID: 133518}
  m_LocalRotation: {x: 0, y: 0, z: 0, w: 1}
  m_LocalPosition: {x: 0, y: 0, z: 0}
  m_LocalScale: {x: 1, y: 1, z: 1}
  m_LocalEulerAnglesHint: {x: 0, y: 0, z: 0}
  m_Children:
  - {fileID: 425072}
  m_Father: {fileID: 405762}
  m_RootOrder: 1
--- !u!4 &402866
Transform:
  m_ObjectHideFlags: 1
  m_PrefabParentObject: {fileID: 0}
  m_PrefabInternal: {fileID: 100100000}
  m_GameObject: {fileID: 105122}
  m_LocalRotation: {x: 0, y: 0, z: 0, w: 1}
  m_LocalPosition: {x: 0, y: 0, z: 0}
  m_LocalScale: {x: 1, y: 1, z: 1}
  m_LocalEulerAnglesHint: {x: 0, y: 0, z: 0}
  m_Children:
  - {fileID: 437358}
  m_Father: {fileID: 405762}
  m_RootOrder: 0
--- !u!4 &403098
Transform:
  m_ObjectHideFlags: 1
  m_PrefabParentObject: {fileID: 0}
  m_PrefabInternal: {fileID: 100100000}
  m_GameObject: {fileID: 176882}
  m_LocalRotation: {x: 0, y: 0, z: 0, w: 1}
  m_LocalPosition: {x: 0, y: 0, z: 0}
  m_LocalScale: {x: 1, y: 1, z: 1}
  m_LocalEulerAnglesHint: {x: 0, y: 0, z: 0}
  m_Children:
  - {fileID: 414784}
  m_Father: {fileID: 422532}
  m_RootOrder: 0
--- !u!4 &405762
Transform:
  m_ObjectHideFlags: 1
  m_PrefabParentObject: {fileID: 0}
  m_PrefabInternal: {fileID: 100100000}
  m_GameObject: {fileID: 169042}
  m_LocalRotation: {x: 0, y: 0, z: 0, w: 1}
  m_LocalPosition: {x: 0, y: 0, z: 0}
  m_LocalScale: {x: 1, y: 1, z: 1}
  m_LocalEulerAnglesHint: {x: 0, y: 0, z: 0}
  m_Children:
  - {fileID: 402866}
  - {fileID: 401888}
  - {fileID: 431436}
  m_Father: {fileID: 490892}
  m_RootOrder: 0
--- !u!4 &410116
Transform:
  m_ObjectHideFlags: 1
  m_PrefabParentObject: {fileID: 0}
  m_PrefabInternal: {fileID: 100100000}
  m_GameObject: {fileID: 111274}
  m_LocalRotation: {x: 0, y: 0, z: 0, w: 1}
  m_LocalPosition: {x: 0, y: 0, z: 0}
  m_LocalScale: {x: 1, y: 1, z: 1}
  m_LocalEulerAnglesHint: {x: 0, y: 0, z: 0}
  m_Children:
  - {fileID: 411146}
  m_Father: {fileID: 0}
  m_RootOrder: 0
--- !u!4 &411146
Transform:
  m_ObjectHideFlags: 1
  m_PrefabParentObject: {fileID: 0}
  m_PrefabInternal: {fileID: 100100000}
  m_GameObject: {fileID: 119376}
  m_LocalRotation: {x: 0, y: 0, z: 0, w: 1}
  m_LocalPosition: {x: 0, y: 0, z: 0}
  m_LocalScale: {x: 1, y: 1, z: 1}
  m_LocalEulerAnglesHint: {x: 0, y: 0, z: 0}
  m_Children:
  - {fileID: 490892}
  m_Father: {fileID: 410116}
  m_RootOrder: 0
--- !u!4 &414784
Transform:
  m_ObjectHideFlags: 1
  m_PrefabParentObject: {fileID: 0}
  m_PrefabInternal: {fileID: 100100000}
  m_GameObject: {fileID: 187856}
  m_LocalRotation: {x: 0, y: 0, z: 0, w: 1}
  m_LocalPosition: {x: 0, y: 0, z: 0}
  m_LocalScale: {x: 1, y: 1, z: 1}
  m_LocalEulerAnglesHint: {x: 0, y: 0, z: 0}
  m_Children: []
  m_Father: {fileID: 403098}
  m_RootOrder: 0
--- !u!4 &415918
Transform:
  m_ObjectHideFlags: 1
  m_PrefabParentObject: {fileID: 0}
  m_PrefabInternal: {fileID: 100100000}
  m_GameObject: {fileID: 184080}
  m_LocalRotation: {x: 0, y: 0, z: 0, w: 1}
  m_LocalPosition: {x: 0, y: 0, z: 0}
  m_LocalScale: {x: 1, y: 1, z: 1}
  m_LocalEulerAnglesHint: {x: 0, y: 0, z: 0}
  m_Children: []
  m_Father: {fileID: 457334}
  m_RootOrder: 0
--- !u!4 &418340
Transform:
  m_ObjectHideFlags: 1
  m_PrefabParentObject: {fileID: 0}
  m_PrefabInternal: {fileID: 100100000}
  m_GameObject: {fileID: 174156}
  m_LocalRotation: {x: 0, y: 0, z: 0, w: 1}
  m_LocalPosition: {x: 0, y: 0, z: 0}
  m_LocalScale: {x: 1, y: 1, z: 1}
  m_LocalEulerAnglesHint: {x: 0, y: 0, z: 0}
  m_Children:
  - {fileID: 469764}
  m_Father: {fileID: 467432}
  m_RootOrder: 2
--- !u!4 &422532
Transform:
  m_ObjectHideFlags: 1
  m_PrefabParentObject: {fileID: 0}
  m_PrefabInternal: {fileID: 100100000}
  m_GameObject: {fileID: 115416}
  m_LocalRotation: {x: 0, y: 0, z: 0, w: 1}
  m_LocalPosition: {x: 0, y: 0, z: 0}
  m_LocalScale: {x: 1, y: 1, z: 1}
  m_LocalEulerAnglesHint: {x: 0, y: 0, z: 0}
  m_Children:
  - {fileID: 403098}
  - {fileID: 457334}
  m_Father: {fileID: 490892}
  m_RootOrder: 1
--- !u!4 &422628
Transform:
  m_ObjectHideFlags: 1
  m_PrefabParentObject: {fileID: 0}
  m_PrefabInternal: {fileID: 100100000}
  m_GameObject: {fileID: 171088}
  m_LocalRotation: {x: 0, y: 0, z: 0, w: 1}
  m_LocalPosition: {x: 0, y: 0, z: 0}
  m_LocalScale: {x: 1, y: 1, z: 1}
  m_LocalEulerAnglesHint: {x: 0, y: 0, z: 0}
  m_Children:
  - {fileID: 490528}
  - {fileID: 458368}
  m_Father: {fileID: 467432}
  m_RootOrder: 1
--- !u!4 &425072
Transform:
  m_ObjectHideFlags: 1
  m_PrefabParentObject: {fileID: 0}
  m_PrefabInternal: {fileID: 100100000}
  m_GameObject: {fileID: 145980}
  m_LocalRotation: {x: 0, y: 0, z: 0, w: 1}
  m_LocalPosition: {x: 0, y: 0, z: 0}
  m_LocalScale: {x: 1, y: 1, z: 1}
  m_LocalEulerAnglesHint: {x: 0, y: 0, z: 0}
  m_Children: []
  m_Father: {fileID: 401888}
  m_RootOrder: 0
--- !u!4 &431436
Transform:
  m_ObjectHideFlags: 1
  m_PrefabParentObject: {fileID: 0}
  m_PrefabInternal: {fileID: 100100000}
  m_GameObject: {fileID: 117006}
  m_LocalRotation: {x: 0, y: 0, z: 0, w: 1}
  m_LocalPosition: {x: 0, y: 0, z: 0}
  m_LocalScale: {x: 1, y: 1, z: 1}
  m_LocalEulerAnglesHint: {x: 0, y: 0, z: 0}
  m_Children:
  - {fileID: 464544}
  m_Father: {fileID: 405762}
  m_RootOrder: 2
--- !u!4 &434012
Transform:
  m_ObjectHideFlags: 1
  m_PrefabParentObject: {fileID: 0}
  m_PrefabInternal: {fileID: 100100000}
  m_GameObject: {fileID: 148742}
  m_LocalRotation: {x: 0, y: 0, z: 0, w: 1}
  m_LocalPosition: {x: 0, y: 0, z: 0}
  m_LocalScale: {x: 1, y: 1, z: 1}
  m_LocalEulerAnglesHint: {x: 0, y: 0, z: 0}
  m_Children:
  - {fileID: 499370}
  m_Father: {fileID: 467432}
  m_RootOrder: 0
--- !u!4 &437358
Transform:
  m_ObjectHideFlags: 1
  m_PrefabParentObject: {fileID: 0}
  m_PrefabInternal: {fileID: 100100000}
  m_GameObject: {fileID: 174534}
  m_LocalRotation: {x: 0, y: 0, z: 0, w: 1}
  m_LocalPosition: {x: 0, y: 0, z: 0}
  m_LocalScale: {x: 1, y: 1, z: 1}
  m_LocalEulerAnglesHint: {x: 0, y: 0, z: 0}
  m_Children: []
  m_Father: {fileID: 402866}
  m_RootOrder: 0
--- !u!4 &457334
Transform:
  m_ObjectHideFlags: 1
  m_PrefabParentObject: {fileID: 0}
  m_PrefabInternal: {fileID: 100100000}
  m_GameObject: {fileID: 194246}
  m_LocalRotation: {x: 0, y: 0, z: 0, w: 1}
  m_LocalPosition: {x: 0, y: 0, z: 0}
  m_LocalScale: {x: 1, y: 1, z: 1}
  m_LocalEulerAnglesHint: {x: 0, y: 0, z: 0}
  m_Children:
  - {fileID: 415918}
  m_Father: {fileID: 422532}
  m_RootOrder: 1
--- !u!4 &458368
Transform:
  m_ObjectHideFlags: 1
  m_PrefabParentObject: {fileID: 0}
  m_PrefabInternal: {fileID: 100100000}
  m_GameObject: {fileID: 143530}
  m_LocalRotation: {x: 0, y: 0, z: 0, w: 1}
  m_LocalPosition: {x: 0, y: 0, z: 0}
  m_LocalScale: {x: 1, y: 1, z: 1}
  m_LocalEulerAnglesHint: {x: 0, y: 0, z: 0}
  m_Children: []
  m_Father: {fileID: 422628}
  m_RootOrder: 1
--- !u!4 &464544
Transform:
  m_ObjectHideFlags: 1
  m_PrefabParentObject: {fileID: 0}
  m_PrefabInternal: {fileID: 100100000}
  m_GameObject: {fileID: 119448}
  m_LocalRotation: {x: 0, y: 0, z: 0, w: 1}
  m_LocalPosition: {x: 0, y: 0, z: 0}
  m_LocalScale: {x: 1, y: 1, z: 1}
  m_LocalEulerAnglesHint: {x: 0, y: 0, z: 0}
  m_Children: []
  m_Father: {fileID: 431436}
  m_RootOrder: 0
--- !u!4 &467432
Transform:
  m_ObjectHideFlags: 1
  m_PrefabParentObject: {fileID: 0}
  m_PrefabInternal: {fileID: 100100000}
  m_GameObject: {fileID: 124844}
  m_LocalRotation: {x: 0, y: 0, z: 0, w: 1}
  m_LocalPosition: {x: 0, y: 0, z: 0}
  m_LocalScale: {x: 1, y: 1, z: 1}
  m_LocalEulerAnglesHint: {x: 0, y: 0, z: 0}
  m_Children:
  - {fileID: 434012}
  - {fileID: 422628}
  - {fileID: 418340}
  m_Father: {fileID: 490892}
  m_RootOrder: 2
--- !u!4 &469764
Transform:
  m_ObjectHideFlags: 1
  m_PrefabParentObject: {fileID: 0}
  m_PrefabInternal: {fileID: 100100000}
  m_GameObject: {fileID: 111810}
  m_LocalRotation: {x: 0, y: 0, z: 0, w: 1}
  m_LocalPosition: {x: 0, y: 0, z: 0}
  m_LocalScale: {x: 1, y: 1, z: 1}
  m_LocalEulerAnglesHint: {x: 0, y: 0, z: 0}
  m_Children: []
  m_Father: {fileID: 418340}
  m_RootOrder: 0
--- !u!4 &490528
Transform:
  m_ObjectHideFlags: 1
  m_PrefabParentObject: {fileID: 0}
  m_PrefabInternal: {fileID: 100100000}
  m_GameObject: {fileID: 178620}
  m_LocalRotation: {x: 0, y: 0, z: 0, w: 1}
  m_LocalPosition: {x: 0, y: 0, z: 0}
  m_LocalScale: {x: 1, y: 1, z: 1}
  m_LocalEulerAnglesHint: {x: 0, y: 0, z: 0}
  m_Children: []
  m_Father: {fileID: 422628}
  m_RootOrder: 0
--- !u!4 &490892
Transform:
  m_ObjectHideFlags: 1
  m_PrefabParentObject: {fileID: 0}
  m_PrefabInternal: {fileID: 100100000}
  m_GameObject: {fileID: 145774}
  m_LocalRotation: {x: 0, y: 0, z: 0, w: 1}
  m_LocalPosition: {x: 0, y: 0, z: 0}
  m_LocalScale: {x: 1, y: 1, z: 1}
  m_LocalEulerAnglesHint: {x: 0, y: 0, z: 0}
  m_Children:
  - {fileID: 405762}
  - {fileID: 422532}
  - {fileID: 467432}
  m_Father: {fileID: 411146}
  m_RootOrder: 0
--- !u!4 &499370
Transform:
  m_ObjectHideFlags: 1
  m_PrefabParentObject: {fileID: 0}
  m_PrefabInternal: {fileID: 100100000}
  m_GameObject: {fileID: 142420}
  m_LocalRotation: {x: 0, y: 0, z: 0, w: 1}
  m_LocalPosition: {x: 0, y: 0, z: 0}
  m_LocalScale: {x: 1, y: 1, z: 1}
  m_LocalEulerAnglesHint: {x: 0, y: 0, z: 0}
  m_Children: []
  m_Father: {fileID: 434012}
  m_RootOrder: 0
--- !u!114 &11405194
MonoBehaviour:
  m_ObjectHideFlags: 1
  m_PrefabParentObject: {fileID: 0}
  m_PrefabInternal: {fileID: 100100000}
  m_GameObject: {fileID: 111810}
  m_Enabled: 1
  m_EditorHideFlags: 0
  m_Script: {fileID: 11500000, guid: d6c0f29d11cd6da42a4fc5c3d4cade80, type: 3}
  m_Name: 
  m_EditorClassIdentifier: 
  _id: 0
  _track: {fileID: 11449318}
  _triggerOnSkip: 1
  _frameRange:
    _start: 0
    _end: 5
  BGM_name: 20
  IsStop: 0
--- !u!114 &11409266
MonoBehaviour:
  m_ObjectHideFlags: 1
  m_PrefabParentObject: {fileID: 0}
  m_PrefabInternal: {fileID: 100100000}
  m_GameObject: {fileID: 111274}
  m_Enabled: 1
  m_EditorHideFlags: 0
  m_Script: {fileID: 11500000, guid: f2e9b03df83d28a40b710ccce005bb42, type: 3}
  m_Name: 
  m_EditorClassIdentifier: 
  DialogueName: CH2_Enter_Shapur
--- !u!114 &11413024
MonoBehaviour:
  m_ObjectHideFlags: 1
  m_PrefabParentObject: {fileID: 0}
  m_PrefabInternal: {fileID: 100100000}
  m_GameObject: {fileID: 145980}
  m_Enabled: 1
  m_EditorHideFlags: 0
  m_Script: {fileID: 11500000, guid: 2582124595246a44b91aebed31a8889f, type: 3}
  m_Name: 
  m_EditorClassIdentifier: 
  _id: 0
  _track: {fileID: 11430858}
  _triggerOnSkip: 0
  _frameRange:
    _start: 0
    _end: 22
  TargetPosition: {x: 4.87, y: 1}
  Speed: 2
  DistanceStop: -1
  IsLookForward: 1
  OnStartAnimation: WALK
  OnStartAnimationCrossfade: 1
  OnEndAnimation: IDLE
  OnEndAnimationCrossfade: 1
  AnimationCrossFadeTime: 0.2
--- !u!114 &11417668
MonoBehaviour:
  m_ObjectHideFlags: 1
  m_PrefabParentObject: {fileID: 0}
  m_PrefabInternal: {fileID: 100100000}
  m_GameObject: {fileID: 105122}
  m_Enabled: 1
  m_EditorHideFlags: 0
  m_Script: {fileID: 11500000, guid: 92af80c84f4b742648b77bcdc7a5f26c, type: 3}
  m_Name: 
  m_EditorClassIdentifier: 
  _id: 0
  _timeline: {fileID: 11420702}
  _evtTypeStr: Flux.FCallFunctionEvent
  _events:
  - {fileID: 11462840}
  _alwaysUseCache: 0
  _cacheMode: 0
--- !u!114 &11420702
MonoBehaviour:
  m_ObjectHideFlags: 1
  m_PrefabParentObject: {fileID: 0}
  m_PrefabInternal: {fileID: 100100000}
  m_GameObject: {fileID: 169042}
  m_Enabled: 1
  m_EditorHideFlags: 0
  m_Script: {fileID: 11500000, guid: 868ccc3db58364b6aa96d960ce8dc94a, type: 3}
  m_Name: 
  m_EditorClassIdentifier: 
  _id: 0
  _container: {fileID: 11495622}
  _owner: {fileID: 0}
  _ownerPath: /Enter Shapur/Finn
  _tracks:
  - {fileID: 11417668}
  - {fileID: 11430858}
  - {fileID: 11445170}
--- !u!114 &11428154
MonoBehaviour:
  m_ObjectHideFlags: 1
  m_PrefabParentObject: {fileID: 0}
  m_PrefabInternal: {fileID: 100100000}
  m_GameObject: {fileID: 171088}
  m_Enabled: 1
  m_EditorHideFlags: 0
  m_Script: {fileID: 11500000, guid: 92af80c84f4b742648b77bcdc7a5f26c, type: 3}
  m_Name: 
  m_EditorClassIdentifier: 
  _id: 1
  _timeline: {fileID: 11486090}
  _evtTypeStr: Flux.FCallFunctionEvent
  _events:
  - {fileID: 11433238}
  - {fileID: 11498900}
  _alwaysUseCache: 0
  _cacheMode: 0
--- !u!114 &11430858
MonoBehaviour:
  m_ObjectHideFlags: 1
  m_PrefabParentObject: {fileID: 0}
  m_PrefabInternal: {fileID: 100100000}
  m_GameObject: {fileID: 133518}
  m_Enabled: 1
  m_EditorHideFlags: 0
  m_Script: {fileID: 11500000, guid: 92af80c84f4b742648b77bcdc7a5f26c, type: 3}
  m_Name: 
  m_EditorClassIdentifier: 
  _id: 1
  _timeline: {fileID: 11420702}
  _evtTypeStr: Flux.FCharacterMove
  _events:
  - {fileID: 11413024}
  _alwaysUseCache: 0
  _cacheMode: 0
--- !u!114 &11433238
MonoBehaviour:
  m_ObjectHideFlags: 1
  m_PrefabParentObject: {fileID: 0}
  m_PrefabInternal: {fileID: 100100000}
  m_GameObject: {fileID: 178620}
  m_Enabled: 1
  m_EditorHideFlags: 0
  m_Script: {fileID: 11500000, guid: 4feb263abf4ec4393958694a519f6d87, type: 3}
  m_Name: 
  m_EditorClassIdentifier: 
  _id: 0
  _track: {fileID: 11428154}
  _triggerOnSkip: 1
  _frameRange:
    _start: 446
    _end: 456
  _callOnlyOnTrigger: 1
  _className: EndCinematicsFlux
  _methodName: FireEvent
--- !u!114 &11433646
MonoBehaviour:
  m_ObjectHideFlags: 1
  m_PrefabParentObject: {fileID: 0}
  m_PrefabInternal: {fileID: 100100000}
  m_GameObject: {fileID: 184080}
  m_Enabled: 1
  m_EditorHideFlags: 0
  m_Script: {fileID: 11500000, guid: 8d9a0e7a7110c5c4f99072473de122e4, type: 3}
  m_Name: 
  m_EditorClassIdentifier: 
  _id: 0
  _track: {fileID: 11469060}
  _triggerOnSkip: 1
  _frameRange:
    _start: 363
    _end: 375
  TargetRotationY: -70.66199
  Speed: 360
  IsLookForward: 1
--- !u!114 &11445170
MonoBehaviour:
  m_ObjectHideFlags: 1
  m_PrefabParentObject: {fileID: 0}
  m_PrefabInternal: {fileID: 100100000}
  m_GameObject: {fileID: 117006}
  m_Enabled: 1
  m_EditorHideFlags: 0
  m_Script: {fileID: 11500000, guid: 92af80c84f4b742648b77bcdc7a5f26c, type: 3}
  m_Name: 
  m_EditorClassIdentifier: 
  _id: 2
  _timeline: {fileID: 11420702}
  _evtTypeStr: Flux.FCharacterRotateTo
  _events:
  - {fileID: 11476816}
  _alwaysUseCache: 0
  _cacheMode: 0
--- !u!114 &11445696
MonoBehaviour:
  m_ObjectHideFlags: 1
  m_PrefabParentObject: {fileID: 0}
  m_PrefabInternal: {fileID: 100100000}
  m_GameObject: {fileID: 111274}
  m_Enabled: 1
  m_EditorHideFlags: 0
  m_Script: {fileID: 11500000, guid: af921be0175b8d24f94cf812e58103bb, type: 3}
  m_Name: 
  m_EditorClassIdentifier: 
  sequenceToResume: {fileID: 0}
--- !u!114 &11447404
MonoBehaviour:
  m_ObjectHideFlags: 1
  m_PrefabParentObject: {fileID: 0}
  m_PrefabInternal: {fileID: 100100000}
  m_GameObject: {fileID: 142420}
  m_Enabled: 1
  m_EditorHideFlags: 0
  m_Script: {fileID: 11500000, guid: 9703e949f83f796449ad9ed10f1efded, type: 3}
  m_Name: 
  m_EditorClassIdentifier: 
  _id: 0
  _track: {fileID: 11497760}
  _triggerOnSkip: 1
  _frameRange:
    _start: 419
    _end: 431
  DialogueName: CH2_Enter_Shapur
  PauseSequence: 1
--- !u!114 &11449318
MonoBehaviour:
  m_ObjectHideFlags: 1
  m_PrefabParentObject: {fileID: 0}
  m_PrefabInternal: {fileID: 100100000}
  m_GameObject: {fileID: 174156}
  m_Enabled: 1
  m_EditorHideFlags: 0
  m_Script: {fileID: 11500000, guid: 92af80c84f4b742648b77bcdc7a5f26c, type: 3}
  m_Name: 
  m_EditorClassIdentifier: 
  _id: 2
  _timeline: {fileID: 11486090}
  _evtTypeStr: fBGM
  _events:
  - {fileID: 11405194}
  _alwaysUseCache: 0
  _cacheMode: 0
--- !u!114 &11462840
MonoBehaviour:
  m_ObjectHideFlags: 1
  m_PrefabParentObject: {fileID: 0}
  m_PrefabInternal: {fileID: 100100000}
  m_GameObject: {fileID: 174534}
  m_Enabled: 1
  m_EditorHideFlags: 0
  m_Script: {fileID: 11500000, guid: 4feb263abf4ec4393958694a519f6d87, type: 3}
  m_Name: 
  m_EditorClassIdentifier: 
  _id: 0
  _track: {fileID: 11417668}
  _triggerOnSkip: 1
  _frameRange:
    _start: 431
    _end: 442
  _callOnlyOnTrigger: 1
  _className: ApplyNewPosition
  _methodName: FireEvent
--- !u!114 &11468206
MonoBehaviour:
  m_ObjectHideFlags: 1
  m_PrefabParentObject: {fileID: 0}
  m_PrefabInternal: {fileID: 100100000}
  m_GameObject: {fileID: 115416}
  m_Enabled: 1
  m_EditorHideFlags: 0
  m_Script: {fileID: 11500000, guid: 868ccc3db58364b6aa96d960ce8dc94a, type: 3}
  m_Name: 
  m_EditorClassIdentifier: 
  _id: 1
  _container: {fileID: 11495622}
  _owner: {fileID: 0}
  _ownerPath: /Enter Shapur/Aria
  _tracks:
  - {fileID: 11470982}
  - {fileID: 11469060}
--- !u!114 &11469060
MonoBehaviour:
  m_ObjectHideFlags: 1
  m_PrefabParentObject: {fileID: 0}
  m_PrefabInternal: {fileID: 100100000}
  m_GameObject: {fileID: 194246}
  m_Enabled: 1
  m_EditorHideFlags: 0
  m_Script: {fileID: 11500000, guid: 92af80c84f4b742648b77bcdc7a5f26c, type: 3}
  m_Name: 
  m_EditorClassIdentifier: 
  _id: 1
  _timeline: {fileID: 11468206}
  _evtTypeStr: Flux.FCharacterRotateTo
  _events:
  - {fileID: 11433646}
  _alwaysUseCache: 0
  _cacheMode: 0
--- !u!114 &11470982
MonoBehaviour:
  m_ObjectHideFlags: 1
  m_PrefabParentObject: {fileID: 0}
  m_PrefabInternal: {fileID: 100100000}
  m_GameObject: {fileID: 176882}
  m_Enabled: 1
  m_EditorHideFlags: 0
  m_Script: {fileID: 11500000, guid: 92af80c84f4b742648b77bcdc7a5f26c, type: 3}
  m_Name: 
  m_EditorClassIdentifier: 
  _id: 0
  _timeline: {fileID: 11468206}
  _evtTypeStr: Flux.FCharacterMove
  _events:
  - {fileID: 11478130}
  _alwaysUseCache: 0
  _cacheMode: 0
--- !u!114 &11476816
MonoBehaviour:
  m_ObjectHideFlags: 1
  m_PrefabParentObject: {fileID: 0}
  m_PrefabInternal: {fileID: 100100000}
  m_GameObject: {fileID: 119448}
  m_Enabled: 1
  m_EditorHideFlags: 0
  m_Script: {fileID: 11500000, guid: 8d9a0e7a7110c5c4f99072473de122e4, type: 3}
  m_Name: 
  m_EditorClassIdentifier: 
  _id: 0
  _track: {fileID: 11445170}
  _triggerOnSkip: 1
  _frameRange:
    _start: 383
    _end: 394
  TargetRotationY: -79.1604
  Speed: 360
  IsLookForward: 1
--- !u!114 &11478130
MonoBehaviour:
  m_ObjectHideFlags: 1
  m_PrefabParentObject: {fileID: 0}
  m_PrefabInternal: {fileID: 100100000}
  m_GameObject: {fileID: 187856}
  m_Enabled: 1
  m_EditorHideFlags: 0
  m_Script: {fileID: 11500000, guid: 2582124595246a44b91aebed31a8889f, type: 3}
  m_Name: 
  m_EditorClassIdentifier: 
  _id: 0
  _track: {fileID: 11470982}
  _triggerOnSkip: 1
  _frameRange:
    _start: 0
    _end: 28
  TargetPosition: {x: 4.08, y: -1.14}
  Speed: 2
  DistanceStop: -1
  IsLookForward: 1
  OnStartAnimation: Walk
  OnStartAnimationCrossfade: 1
  OnEndAnimation: Idle
  OnEndAnimationCrossfade: 1
  AnimationCrossFadeTime: 0.2
--- !u!114 &11486090
MonoBehaviour:
  m_ObjectHideFlags: 1
  m_PrefabParentObject: {fileID: 0}
  m_PrefabInternal: {fileID: 100100000}
  m_GameObject: {fileID: 124844}
  m_Enabled: 1
  m_EditorHideFlags: 0
  m_Script: {fileID: 11500000, guid: 868ccc3db58364b6aa96d960ce8dc94a, type: 3}
  m_Name: 
  m_EditorClassIdentifier: 
  _id: 2
  _container: {fileID: 11495622}
  _owner: {fileID: 410116}
  _ownerPath: /Enter Shapur Sequence
  _tracks:
  - {fileID: 11497760}
  - {fileID: 11428154}
  - {fileID: 11449318}
--- !u!114 &11486100
MonoBehaviour:
  m_ObjectHideFlags: 1
  m_PrefabParentObject: {fileID: 0}
  m_PrefabInternal: {fileID: 100100000}
  m_GameObject: {fileID: 111274}
  m_Enabled: 1
  m_EditorHideFlags: 0
  m_Script: {fileID: 11500000, guid: 61ea4d84209604c6785a01ab2786d0f9, type: 3}
  m_Name: 
  m_EditorClassIdentifier: 
  _id: -1
  _content: {fileID: 411146}
  _containers:
  - {fileID: 11495622}
  _version: 200
  _playOnStart: 0
  _loop: 0
  _defaultSpeed: 1
  _updateMode: 0
  _length: 600
  _onFinishedCallback:
    m_PersistentCalls:
      m_Calls: []
    m_TypeName: Flux.SequenceFinishedEvent, Assembly-CSharp, Version=0.0.0.0, Culture=neutral,
      PublicKeyToken=null
  _frameRate: 60
  _inverseFrameRate: 0.016666668
--- !u!114 &11493756
MonoBehaviour:
  m_ObjectHideFlags: 1
  m_PrefabParentObject: {fileID: 0}
  m_PrefabInternal: {fileID: 100100000}
  m_GameObject: {fileID: 111274}
  m_Enabled: 1
  m_EditorHideFlags: 0
  m_Script: {fileID: 11500000, guid: 94ffb19d901ebc1489b3883d4634dc07, type: 3}
  m_Name: 
  m_EditorClassIdentifier: 
  TransData:
    AfterFinishedGoTo: 0
    SequenceName: 
    BattleId: 0
    mustLose: 0
    TutorialToPlay: 
    WarId: 0
    SceneName: 
    WorldCutscene: {fileID: 0}
    WorldDialogName: 
    WorldDestination: 
--- !u!114 &11495622
MonoBehaviour:
  m_ObjectHideFlags: 1
  m_PrefabParentObject: {fileID: 0}
  m_PrefabInternal: {fileID: 100100000}
  m_GameObject: {fileID: 145774}
  m_Enabled: 1
  m_EditorHideFlags: 0
  m_Script: {fileID: 11500000, guid: 6c190ac7427b84f9dba9f95b04e8af4a, type: 3}
  m_Name: 
  m_EditorClassIdentifier: 
  _id: 0
  _sequence: {fileID: 11486100}
  _color: {r: 0.14, g: 0.14, b: 0.14, a: 0.7}
  _timelines:
  - {fileID: 11420702}
  - {fileID: 11468206}
  - {fileID: 11486090}
--- !u!114 &11497030
MonoBehaviour:
  m_ObjectHideFlags: 1
  m_PrefabParentObject: {fileID: 0}
  m_PrefabInternal: {fileID: 100100000}
  m_GameObject: {fileID: 111274}
  m_Enabled: 1
  m_EditorHideFlags: 0
  m_Script: {fileID: 11500000, guid: a4a49686e8bd9434b904f7d963b0fbb5, type: 3}
  m_Name: 
  m_EditorClassIdentifier: 
--- !u!114 &11497760
MonoBehaviour:
  m_ObjectHideFlags: 1
  m_PrefabParentObject: {fileID: 0}
  m_PrefabInternal: {fileID: 100100000}
  m_GameObject: {fileID: 148742}
  m_Enabled: 1
  m_EditorHideFlags: 0
  m_Script: {fileID: 11500000, guid: 92af80c84f4b742648b77bcdc7a5f26c, type: 3}
  m_Name: 
  m_EditorClassIdentifier: 
  _id: 0
  _timeline: {fileID: 11486090}
  _evtTypeStr: Flux.StartDialogue
  _events:
  - {fileID: 11447404}
  _alwaysUseCache: 0
  _cacheMode: 0
--- !u!114 &11498900
MonoBehaviour:
  m_ObjectHideFlags: 1
  m_PrefabParentObject: {fileID: 0}
  m_PrefabInternal: {fileID: 100100000}
  m_GameObject: {fileID: 143530}
  m_Enabled: 1
  m_EditorHideFlags: 0
  m_Script: {fileID: 11500000, guid: 4feb263abf4ec4393958694a519f6d87, type: 3}
  m_Name: 
  m_EditorClassIdentifier: 
  _id: 1
  _track: {fileID: 11428154}
  _triggerOnSkip: 1
  _frameRange:
    _start: 461
    _end: 487
  _callOnlyOnTrigger: 1
  _className: DestroySequenceFlux
  _methodName: FireEvent
--- !u!1001 &100100000
Prefab:
  m_ObjectHideFlags: 1
  serializedVersion: 2
  m_Modification:
    m_TransformParent: {fileID: 0}
    m_Modifications: []
    m_RemovedComponents: []
  m_ParentPrefab: {fileID: 0}
  m_RootGameObject: {fileID: 111274}
  m_IsPrefabParent: 1
