%YAML 1.1
%TAG !u! tag:unity3d.com,2011:
--- !u!1 &107184
GameObject:
  m_ObjectHideFlags: 1
  m_PrefabParentObject: {fileID: 0}
  m_PrefabInternal: {fileID: 100100000}
  serializedVersion: 4
  m_Component:
  - 4: {fileID: 467752}
  - 114: {fileID: 11495424}
  m_Layer: 0
  m_Name: Flux.BattlerOnHit
  m_TagString: Untagged
  m_Icon: {fileID: 0}
  m_NavMeshLayer: 0
  m_StaticEditorFlags: 0
  m_IsActive: 1
--- !u!1 &108204
GameObject:
  m_ObjectHideFlags: 1
  m_PrefabParentObject: {fileID: 0}
  m_PrefabInternal: {fileID: 100100000}
  serializedVersion: 4
  m_Component:
  - 4: {fileID: 470790}
  - 114: {fileID: 11485542}
  m_Layer: 0
  m_Name: Battle Camera
  m_TagString: Untagged
  m_Icon: {fileID: 0}
  m_NavMeshLayer: 0
  m_StaticEditorFlags: 0
  m_IsActive: 1
--- !u!1 &108718
GameObject:
  m_ObjectHideFlags: 1
  m_PrefabParentObject: {fileID: 0}
  m_PrefabInternal: {fileID: 100100000}
  serializedVersion: 4
  m_Component:
  - 4: {fileID: 450874}
  - 114: {fileID: 11493716}
  m_Layer: 0
  m_Name: Play Animation
  m_TagString: Untagged
  m_Icon: {fileID: 0}
  m_NavMeshLayer: 0
  m_StaticEditorFlags: 0
  m_IsActive: 1
--- !u!1 &113472
GameObject:
  m_ObjectHideFlags: 1
  m_PrefabParentObject: {fileID: 0}
  m_PrefabInternal: {fileID: 100100000}
  serializedVersion: 4
  m_Component:
  - 4: {fileID: 450930}
  - 114: {fileID: 11499634}
  m_Layer: 0
  m_Name: Flux.BattlerOnHit
  m_TagString: Untagged
  m_Icon: {fileID: 0}
  m_NavMeshLayer: 0
  m_StaticEditorFlags: 0
  m_IsActive: 1
--- !u!1 &119568
GameObject:
  m_ObjectHideFlags: 1
  m_PrefabParentObject: {fileID: 0}
  m_PrefabInternal: {fileID: 100100000}
  serializedVersion: 4
  m_Component:
  - 4: {fileID: 496454}
  - 114: {fileID: 11453920}
  m_Layer: 0
  m_Name: Battler On Hit
  m_TagString: Untagged
  m_Icon: {fileID: 0}
  m_NavMeshLayer: 0
  m_StaticEditorFlags: 0
  m_IsActive: 1
--- !u!1 &121524
GameObject:
  m_ObjectHideFlags: 1
  m_PrefabParentObject: {fileID: 0}
  m_PrefabInternal: {fileID: 100100000}
  serializedVersion: 4
  m_Component:
  - 4: {fileID: 445090}
  - 114: {fileID: 11443314}
  m_Layer: 0
  m_Name: Target 1
  m_TagString: Untagged
  m_Icon: {fileID: 0}
  m_NavMeshLayer: 0
  m_StaticEditorFlags: 0
  m_IsActive: 1
--- !u!1 &130112
GameObject:
  m_ObjectHideFlags: 0
  m_PrefabParentObject: {fileID: 0}
  m_PrefabInternal: {fileID: 100100000}
  serializedVersion: 4
  m_Component:
  - 4: {fileID: 451314}
  - 114: {fileID: 11421346}
  - 114: {fileID: 11414726}
  - 114: {fileID: 11467106}
  m_Layer: 0
  m_Name: GroundImpact Sequence
  m_TagString: Untagged
  m_Icon: {fileID: 0}
  m_NavMeshLayer: 0
  m_StaticEditorFlags: 0
  m_IsActive: 1
--- !u!1 &131068
GameObject:
  m_ObjectHideFlags: 1
  m_PrefabParentObject: {fileID: 0}
  m_PrefabInternal: {fileID: 100100000}
  serializedVersion: 4
  m_Component:
  - 4: {fileID: 493422}
  - 114: {fileID: 11469178}
  m_Layer: 0
  m_Name: Flux.FTweenColorEvent
  m_TagString: Untagged
  m_Icon: {fileID: 0}
  m_NavMeshLayer: 0
  m_StaticEditorFlags: 0
  m_IsActive: 1
--- !u!1 &132590
GameObject:
  m_ObjectHideFlags: 1
  m_PrefabParentObject: {fileID: 0}
  m_PrefabInternal: {fileID: 100100000}
  serializedVersion: 4
  m_Component:
  - 4: {fileID: 485700}
  - 114: {fileID: 11434586}
  m_Layer: 0
  m_Name: Play Animation
  m_TagString: Untagged
  m_Icon: {fileID: 0}
  m_NavMeshLayer: 0
  m_StaticEditorFlags: 0
  m_IsActive: 1
--- !u!1 &132592
GameObject:
  m_ObjectHideFlags: 1
  m_PrefabParentObject: {fileID: 0}
  m_PrefabInternal: {fileID: 100100000}
  serializedVersion: 4
  m_Component:
  - 4: {fileID: 461396}
  - 114: {fileID: 11494538}
  m_Layer: 0
  m_Name: Flux.BattlerOnHit
  m_TagString: Untagged
  m_Icon: {fileID: 0}
  m_NavMeshLayer: 0
  m_StaticEditorFlags: 0
  m_IsActive: 1
--- !u!1 &137900
GameObject:
  m_ObjectHideFlags: 1
  m_PrefabParentObject: {fileID: 0}
  m_PrefabInternal: {fileID: 100100000}
  serializedVersion: 4
  m_Component:
  - 4: {fileID: 494038}
  - 114: {fileID: 11456096}
  m_Layer: 0
  m_Name: Tween Color
  m_TagString: Untagged
  m_Icon: {fileID: 0}
  m_NavMeshLayer: 0
  m_StaticEditorFlags: 0
  m_IsActive: 1
--- !u!1 &138268
GameObject:
  m_ObjectHideFlags: 1
  m_PrefabParentObject: {fileID: 0}
  m_PrefabInternal: {fileID: 100100000}
  serializedVersion: 4
  m_Component:
  - 4: {fileID: 470020}
  - 114: {fileID: 11464104}
  m_Layer: 0
  m_Name: Default
  m_TagString: Untagged
  m_Icon: {fileID: 0}
  m_NavMeshLayer: 0
  m_StaticEditorFlags: 0
  m_IsActive: 1
--- !u!1 &145232
GameObject:
  m_ObjectHideFlags: 1
  m_PrefabParentObject: {fileID: 0}
  m_PrefabInternal: {fileID: 100100000}
  serializedVersion: 4
  m_Component:
  - 4: {fileID: 470920}
  - 114: {fileID: 11450444}
  m_Layer: 0
  m_Name: Flux.PlayAnimation
  m_TagString: Untagged
  m_Icon: {fileID: 0}
  m_NavMeshLayer: 0
  m_StaticEditorFlags: 0
  m_IsActive: 1
--- !u!1 &148558
GameObject:
  m_ObjectHideFlags: 1
  m_PrefabParentObject: {fileID: 0}
  m_PrefabInternal: {fileID: 100100000}
  serializedVersion: 4
  m_Component:
  - 4: {fileID: 472826}
  - 114: {fileID: 11454900}
  m_Layer: 0
  m_Name: Battler On Hit
  m_TagString: Untagged
  m_Icon: {fileID: 0}
  m_NavMeshLayer: 0
  m_StaticEditorFlags: 0
  m_IsActive: 1
--- !u!1 &149436
GameObject:
  m_ObjectHideFlags: 1
  m_PrefabParentObject: {fileID: 0}
  m_PrefabInternal: {fileID: 100100000}
  serializedVersion: 4
  m_Component:
  - 4: {fileID: 433218}
  - 114: {fileID: 11445708}
  m_Layer: 0
  m_Name: Target 2
  m_TagString: Untagged
  m_Icon: {fileID: 0}
  m_NavMeshLayer: 0
  m_StaticEditorFlags: 0
  m_IsActive: 1
--- !u!1 &152196
GameObject:
  m_ObjectHideFlags: 1
  m_PrefabParentObject: {fileID: 0}
  m_PrefabInternal: {fileID: 100100000}
  serializedVersion: 4
  m_Component:
  - 4: {fileID: 434406}
  - 114: {fileID: 11418956}
  m_Layer: 0
  m_Name: Limit Break Done
  m_TagString: Untagged
  m_Icon: {fileID: 0}
  m_NavMeshLayer: 0
  m_StaticEditorFlags: 0
  m_IsActive: 1
--- !u!1 &153394
GameObject:
  m_ObjectHideFlags: 1
  m_PrefabParentObject: {fileID: 0}
  m_PrefabInternal: {fileID: 100100000}
  serializedVersion: 4
  m_Component:
  - 4: {fileID: 465446}
  - 114: {fileID: 11492084}
  m_Layer: 0
  m_Name: Flux.LimitBreakDone
  m_TagString: Untagged
  m_Icon: {fileID: 0}
  m_NavMeshLayer: 0
  m_StaticEditorFlags: 0
  m_IsActive: 1
--- !u!1 &154638
GameObject:
  m_ObjectHideFlags: 1
  m_PrefabParentObject: {fileID: 0}
  m_PrefabInternal: {fileID: 100100000}
  serializedVersion: 4
  m_Component:
  - 4: {fileID: 417922}
  - 114: {fileID: 11443874}
  m_Layer: 0
  m_Name: ScreenFader
  m_TagString: Untagged
  m_Icon: {fileID: 0}
  m_NavMeshLayer: 0
  m_StaticEditorFlags: 0
  m_IsActive: 1
--- !u!1 &155924
GameObject:
  m_ObjectHideFlags: 1
  m_PrefabParentObject: {fileID: 0}
  m_PrefabInternal: {fileID: 100100000}
  serializedVersion: 4
  m_Component:
  - 4: {fileID: 416476}
  - 114: {fileID: 11443578}
  m_Layer: 0
  m_Name: Flux.BattlerOnHit
  m_TagString: Untagged
  m_Icon: {fileID: 0}
  m_NavMeshLayer: 0
  m_StaticEditorFlags: 0
  m_IsActive: 1
--- !u!1 &166428
GameObject:
  m_ObjectHideFlags: 0
  m_PrefabParentObject: {fileID: 0}
  m_PrefabInternal: {fileID: 100100000}
  serializedVersion: 4
  m_Component:
  - 4: {fileID: 489968}
  m_Layer: 0
  m_Name: SequenceContent
  m_TagString: Untagged
  m_Icon: {fileID: 0}
  m_NavMeshLayer: 0
  m_StaticEditorFlags: 0
  m_IsActive: 1
--- !u!1 &166732
GameObject:
  m_ObjectHideFlags: 1
  m_PrefabParentObject: {fileID: 0}
  m_PrefabInternal: {fileID: 100100000}
  serializedVersion: 4
  m_Component:
  - 4: {fileID: 434032}
  - 114: {fileID: 11419356}
  m_Layer: 0
  m_Name: Target 3
  m_TagString: Untagged
  m_Icon: {fileID: 0}
  m_NavMeshLayer: 0
  m_StaticEditorFlags: 0
  m_IsActive: 1
--- !u!1 &167834
GameObject:
  m_ObjectHideFlags: 1
  m_PrefabParentObject: {fileID: 0}
  m_PrefabInternal: {fileID: 100100000}
  serializedVersion: 4
  m_Component:
  - 4: {fileID: 422514}
  - 114: {fileID: 11430156}
  m_Layer: 0
  m_Name: Flux.PlayAnimation
  m_TagString: Untagged
  m_Icon: {fileID: 0}
  m_NavMeshLayer: 0
  m_StaticEditorFlags: 0
  m_IsActive: 1
--- !u!1 &174640
GameObject:
  m_ObjectHideFlags: 1
  m_PrefabParentObject: {fileID: 0}
  m_PrefabInternal: {fileID: 100100000}
  serializedVersion: 4
  m_Component:
  - 4: {fileID: 424158}
  - 114: {fileID: 11494408}
  m_Layer: 0
  m_Name: Arkwora
  m_TagString: Untagged
  m_Icon: {fileID: 0}
  m_NavMeshLayer: 0
  m_StaticEditorFlags: 0
  m_IsActive: 1
--- !u!1 &178128
GameObject:
  m_ObjectHideFlags: 1
  m_PrefabParentObject: {fileID: 0}
  m_PrefabInternal: {fileID: 100100000}
  serializedVersion: 4
  m_Component:
  - 4: {fileID: 407350}
  - 114: {fileID: 11443072}
  m_Layer: 0
  m_Name: Flux.BattlerOnHit
  m_TagString: Untagged
  m_Icon: {fileID: 0}
  m_NavMeshLayer: 0
  m_StaticEditorFlags: 0
  m_IsActive: 1
--- !u!1 &180262
GameObject:
  m_ObjectHideFlags: 1
  m_PrefabParentObject: {fileID: 0}
  m_PrefabInternal: {fileID: 100100000}
  serializedVersion: 4
  m_Component:
  - 4: {fileID: 462226}
  - 114: {fileID: 11428032}
  m_Layer: 0
  m_Name: Battler On Hit
  m_TagString: Untagged
  m_Icon: {fileID: 0}
  m_NavMeshLayer: 0
  m_StaticEditorFlags: 0
  m_IsActive: 1
--- !u!1 &181484
GameObject:
  m_ObjectHideFlags: 1
  m_PrefabParentObject: {fileID: 0}
  m_PrefabInternal: {fileID: 100100000}
  serializedVersion: 4
  m_Component:
  - 4: {fileID: 481918}
  - 114: {fileID: 11454312}
  m_Layer: 0
  m_Name: Flux.FTweenColorEvent
  m_TagString: Untagged
  m_Icon: {fileID: 0}
  m_NavMeshLayer: 0
  m_StaticEditorFlags: 0
  m_IsActive: 1
--- !u!1 &199774
GameObject:
  m_ObjectHideFlags: 1
  m_PrefabParentObject: {fileID: 0}
  m_PrefabInternal: {fileID: 100100000}
  serializedVersion: 4
  m_Component:
  - 4: {fileID: 436274}
  - 114: {fileID: 11427720}
  m_Layer: 0
  m_Name: Flux.BattlerOnHit
  m_TagString: Untagged
  m_Icon: {fileID: 0}
  m_NavMeshLayer: 0
  m_StaticEditorFlags: 0
  m_IsActive: 1
--- !u!4 &407350
Transform:
  m_ObjectHideFlags: 1
  m_PrefabParentObject: {fileID: 0}
  m_PrefabInternal: {fileID: 100100000}
  m_GameObject: {fileID: 178128}
  m_LocalRotation: {x: 0, y: 0, z: 0, w: 1}
  m_LocalPosition: {x: 0, y: 0, z: 0}
  m_LocalScale: {x: 1, y: 1, z: 1}
  m_LocalEulerAnglesHint: {x: 179.999, y: 179.999, z: 179.999}
  m_Children: []
  m_Father: {fileID: 462226}
  m_RootOrder: 0
--- !u!4 &416476
Transform:
  m_ObjectHideFlags: 1
  m_PrefabParentObject: {fileID: 0}
  m_PrefabInternal: {fileID: 100100000}
  m_GameObject: {fileID: 155924}
  m_LocalRotation: {x: 0, y: 0, z: 0, w: 1}
  m_LocalPosition: {x: 0, y: 0, z: 0}
  m_LocalScale: {x: 1, y: 1, z: 1}
  m_LocalEulerAnglesHint: {x: 179.999, y: 179.999, z: 179.999}
  m_Children: []
  m_Father: {fileID: 472826}
  m_RootOrder: 0
--- !u!4 &417922
Transform:
  m_ObjectHideFlags: 1
  m_PrefabParentObject: {fileID: 0}
  m_PrefabInternal: {fileID: 100100000}
  m_GameObject: {fileID: 154638}
  m_LocalRotation: {x: 0, y: 0, z: 0, w: 1}
  m_LocalPosition: {x: 0, y: 0, z: 0}
  m_LocalScale: {x: 1, y: 1, z: 1}
  m_LocalEulerAnglesHint: {x: 0, y: 0, z: 0}
  m_Children:
  - {fileID: 494038}
  m_Father: {fileID: 470020}
  m_RootOrder: 1
--- !u!4 &422514
Transform:
  m_ObjectHideFlags: 1
  m_PrefabParentObject: {fileID: 0}
  m_PrefabInternal: {fileID: 100100000}
  m_GameObject: {fileID: 167834}
  m_LocalRotation: {x: 0, y: 0, z: 0, w: 1}
  m_LocalPosition: {x: 0, y: 0, z: 0}
  m_LocalScale: {x: 1, y: 1, z: 1}
  m_LocalEulerAnglesHint: {x: 0, y: 0, z: 0}
  m_Children: []
  m_Father: {fileID: 485700}
  m_RootOrder: 0
--- !u!4 &424158
Transform:
  m_ObjectHideFlags: 1
  m_PrefabParentObject: {fileID: 0}
  m_PrefabInternal: {fileID: 100100000}
  m_GameObject: {fileID: 174640}
  m_LocalRotation: {x: 0, y: 0, z: 0, w: 1}
  m_LocalPosition: {x: 0, y: 0, z: 0}
  m_LocalScale: {x: 1, y: 1, z: 1}
  m_LocalEulerAnglesHint: {x: 0, y: 0, z: 0}
  m_Children:
  - {fileID: 450874}
  - {fileID: 434406}
  m_Father: {fileID: 470020}
  m_RootOrder: 0
--- !u!4 &433218
Transform:
  m_ObjectHideFlags: 1
  m_PrefabParentObject: {fileID: 0}
  m_PrefabInternal: {fileID: 100100000}
  m_GameObject: {fileID: 149436}
  m_LocalRotation: {x: 0, y: -1, z: 0, w: -0.00000016292068}
  m_LocalPosition: {x: 0, y: 0, z: 0}
  m_LocalScale: {x: 1, y: 1, z: 1}
  m_LocalEulerAnglesHint: {x: 0, y: 180, z: 0}
  m_Children:
  - {fileID: 462226}
  m_Father: {fileID: 470020}
  m_RootOrder: 3
--- !u!4 &434032
Transform:
  m_ObjectHideFlags: 1
  m_PrefabParentObject: {fileID: 0}
  m_PrefabInternal: {fileID: 100100000}
  m_GameObject: {fileID: 166732}
  m_LocalRotation: {x: 0, y: -1, z: 0, w: -0.00000016292068}
  m_LocalPosition: {x: 0, y: 0, z: 0}
  m_LocalScale: {x: 1, y: 1, z: 1}
  m_LocalEulerAnglesHint: {x: 0, y: 180, z: 0}
  m_Children:
  - {fileID: 496454}
  m_Father: {fileID: 470020}
  m_RootOrder: 4
--- !u!4 &434406
Transform:
  m_ObjectHideFlags: 1
  m_PrefabParentObject: {fileID: 0}
  m_PrefabInternal: {fileID: 100100000}
  m_GameObject: {fileID: 152196}
  m_LocalRotation: {x: 0, y: 0, z: 0, w: 1}
  m_LocalPosition: {x: 0, y: 0, z: 0}
  m_LocalScale: {x: 1, y: 1, z: 1}
  m_LocalEulerAnglesHint: {x: 0, y: 0, z: 0}
  m_Children:
  - {fileID: 465446}
  m_Father: {fileID: 424158}
  m_RootOrder: 1
--- !u!4 &436274
Transform:
  m_ObjectHideFlags: 1
  m_PrefabParentObject: {fileID: 0}
  m_PrefabInternal: {fileID: 100100000}
  m_GameObject: {fileID: 199774}
  m_LocalRotation: {x: 0, y: 0, z: 0, w: 1}
  m_LocalPosition: {x: 0, y: 0, z: 0}
  m_LocalScale: {x: 1, y: 1, z: 1}
  m_LocalEulerAnglesHint: {x: 179.999, y: 179.999, z: 179.999}
  m_Children: []
  m_Father: {fileID: 462226}
  m_RootOrder: 1
--- !u!4 &445090
Transform:
  m_ObjectHideFlags: 1
  m_PrefabParentObject: {fileID: 0}
  m_PrefabInternal: {fileID: 100100000}
  m_GameObject: {fileID: 121524}
  m_LocalRotation: {x: 0, y: -1, z: 0, w: -0.00000016292068}
  m_LocalPosition: {x: 0, y: 0, z: 0}
  m_LocalScale: {x: 1, y: 1, z: 1}
  m_LocalEulerAnglesHint: {x: 0, y: 180, z: 0}
  m_Children:
  - {fileID: 472826}
  m_Father: {fileID: 470020}
  m_RootOrder: 2
--- !u!4 &450874
Transform:
  m_ObjectHideFlags: 1
  m_PrefabParentObject: {fileID: 0}
  m_PrefabInternal: {fileID: 100100000}
  m_GameObject: {fileID: 108718}
  m_LocalRotation: {x: 0, y: 0, z: 0, w: 1}
  m_LocalPosition: {x: 0, y: 0, z: 0}
  m_LocalScale: {x: 1, y: 1, z: 1}
  m_LocalEulerAnglesHint: {x: 0, y: 0, z: 0}
  m_Children:
  - {fileID: 470920}
  m_Father: {fileID: 424158}
  m_RootOrder: 0
--- !u!4 &450930
Transform:
  m_ObjectHideFlags: 1
  m_PrefabParentObject: {fileID: 0}
  m_PrefabInternal: {fileID: 100100000}
  m_GameObject: {fileID: 113472}
  m_LocalRotation: {x: 0, y: 0, z: 0, w: 1}
  m_LocalPosition: {x: 0, y: 0, z: 0}
  m_LocalScale: {x: 1, y: 1, z: 1}
  m_LocalEulerAnglesHint: {x: 179.999, y: 179.999, z: 179.999}
  m_Children: []
  m_Father: {fileID: 472826}
  m_RootOrder: 1
--- !u!4 &451314
Transform:
  m_ObjectHideFlags: 1
  m_PrefabParentObject: {fileID: 0}
  m_PrefabInternal: {fileID: 100100000}
  m_GameObject: {fileID: 130112}
  m_LocalRotation: {x: 0, y: 0, z: 0, w: 1}
  m_LocalPosition: {x: 0, y: 0, z: 0}
  m_LocalScale: {x: 1, y: 1, z: 1}
  m_LocalEulerAnglesHint: {x: 0, y: 0, z: 0}
  m_Children:
  - {fileID: 489968}
  m_Father: {fileID: 0}
  m_RootOrder: 0
--- !u!4 &461396
Transform:
  m_ObjectHideFlags: 1
  m_PrefabParentObject: {fileID: 0}
  m_PrefabInternal: {fileID: 100100000}
  m_GameObject: {fileID: 132592}
  m_LocalRotation: {x: 0, y: 0, z: 0, w: 1}
  m_LocalPosition: {x: 0, y: 0, z: 0}
  m_LocalScale: {x: 1, y: 1, z: 1}
  m_LocalEulerAnglesHint: {x: 179.999, y: 179.999, z: 179.999}
  m_Children: []
  m_Father: {fileID: 496454}
  m_RootOrder: 1
--- !u!4 &462226
Transform:
  m_ObjectHideFlags: 1
  m_PrefabParentObject: {fileID: 0}
  m_PrefabInternal: {fileID: 100100000}
  m_GameObject: {fileID: 180262}
  m_LocalRotation: {x: 0, y: 1, z: -0, w: -0.00000016292068}
  m_LocalPosition: {x: -0, y: 0, z: 0}
  m_LocalScale: {x: 1, y: 1, z: 1}
  m_LocalEulerAnglesHint: {x: 0, y: 180, z: 0}
  m_Children:
  - {fileID: 407350}
  - {fileID: 436274}
  m_Father: {fileID: 433218}
  m_RootOrder: 0
--- !u!4 &465446
Transform:
  m_ObjectHideFlags: 1
  m_PrefabParentObject: {fileID: 0}
  m_PrefabInternal: {fileID: 100100000}
  m_GameObject: {fileID: 153394}
  m_LocalRotation: {x: 0, y: 0, z: 0, w: 1}
  m_LocalPosition: {x: 0, y: 0, z: 0}
  m_LocalScale: {x: 1, y: 1, z: 1}
  m_LocalEulerAnglesHint: {x: 0, y: 0, z: 0}
  m_Children: []
  m_Father: {fileID: 434406}
  m_RootOrder: 0
--- !u!4 &467752
Transform:
  m_ObjectHideFlags: 1
  m_PrefabParentObject: {fileID: 0}
  m_PrefabInternal: {fileID: 100100000}
  m_GameObject: {fileID: 107184}
  m_LocalRotation: {x: 0, y: 0, z: 0, w: 1}
  m_LocalPosition: {x: 0, y: 0, z: 0}
  m_LocalScale: {x: 1, y: 1, z: 1}
  m_LocalEulerAnglesHint: {x: 179.999, y: 179.999, z: 179.999}
  m_Children: []
  m_Father: {fileID: 496454}
  m_RootOrder: 0
--- !u!4 &470020
Transform:
  m_ObjectHideFlags: 1
  m_PrefabParentObject: {fileID: 0}
  m_PrefabInternal: {fileID: 100100000}
  m_GameObject: {fileID: 138268}
  m_LocalRotation: {x: 0, y: 0, z: 0, w: 1}
  m_LocalPosition: {x: 0, y: 0, z: 0}
  m_LocalScale: {x: 1, y: 1, z: 1}
  m_LocalEulerAnglesHint: {x: 0, y: 0, z: 0}
  m_Children:
  - {fileID: 424158}
  - {fileID: 417922}
  - {fileID: 445090}
  - {fileID: 433218}
  - {fileID: 434032}
  - {fileID: 470790}
  m_Father: {fileID: 489968}
  m_RootOrder: 0
--- !u!4 &470790
Transform:
  m_ObjectHideFlags: 1
  m_PrefabParentObject: {fileID: 0}
  m_PrefabInternal: {fileID: 100100000}
  m_GameObject: {fileID: 108204}
  m_LocalRotation: {x: 0, y: -1, z: 0, w: -0.00000016292068}
  m_LocalPosition: {x: 0, y: 0, z: 0}
  m_LocalScale: {x: 1, y: 1, z: 1}
  m_LocalEulerAnglesHint: {x: 0, y: 180, z: 0}
  m_Children:
  - {fileID: 485700}
  m_Father: {fileID: 470020}
  m_RootOrder: 5
--- !u!4 &470920
Transform:
  m_ObjectHideFlags: 1
  m_PrefabParentObject: {fileID: 0}
  m_PrefabInternal: {fileID: 100100000}
  m_GameObject: {fileID: 145232}
  m_LocalRotation: {x: 0, y: 0, z: 0, w: 1}
  m_LocalPosition: {x: 0, y: 0, z: 0}
  m_LocalScale: {x: 1, y: 1, z: 1}
  m_LocalEulerAnglesHint: {x: 0, y: 0, z: 0}
  m_Children: []
  m_Father: {fileID: 450874}
  m_RootOrder: 0
--- !u!4 &472826
Transform:
  m_ObjectHideFlags: 1
  m_PrefabParentObject: {fileID: 0}
  m_PrefabInternal: {fileID: 100100000}
  m_GameObject: {fileID: 148558}
  m_LocalRotation: {x: 0, y: 0, z: 0, w: 1}
  m_LocalPosition: {x: -0, y: 0, z: 0}
  m_LocalScale: {x: 1, y: 1, z: 1}
  m_LocalEulerAnglesHint: {x: 0, y: 0, z: 0}
  m_Children:
  - {fileID: 416476}
  - {fileID: 450930}
  m_Father: {fileID: 445090}
  m_RootOrder: 0
--- !u!4 &481918
Transform:
  m_ObjectHideFlags: 1
  m_PrefabParentObject: {fileID: 0}
  m_PrefabInternal: {fileID: 100100000}
  m_GameObject: {fileID: 181484}
  m_LocalRotation: {x: 0, y: 0, z: 0, w: 1}
  m_LocalPosition: {x: 0, y: 0, z: 0}
  m_LocalScale: {x: 1, y: 1, z: 1}
  m_LocalEulerAnglesHint: {x: 0, y: 0, z: 0}
  m_Children: []
  m_Father: {fileID: 494038}
  m_RootOrder: 1
--- !u!4 &485700
Transform:
  m_ObjectHideFlags: 1
  m_PrefabParentObject: {fileID: 0}
  m_PrefabInternal: {fileID: 100100000}
  m_GameObject: {fileID: 132590}
  m_LocalRotation: {x: 0, y: 0, z: 0, w: 1}
  m_LocalPosition: {x: -0, y: 0, z: 0}
  m_LocalScale: {x: 1, y: 1, z: 1}
  m_LocalEulerAnglesHint: {x: 0, y: 0, z: 0}
  m_Children:
  - {fileID: 422514}
  m_Father: {fileID: 470790}
  m_RootOrder: 0
--- !u!4 &489968
Transform:
  m_ObjectHideFlags: 1
  m_PrefabParentObject: {fileID: 0}
  m_PrefabInternal: {fileID: 100100000}
  m_GameObject: {fileID: 166428}
  m_LocalRotation: {x: 0, y: 0, z: 0, w: 1}
  m_LocalPosition: {x: 0, y: 0, z: 0}
  m_LocalScale: {x: 1, y: 1, z: 1}
  m_LocalEulerAnglesHint: {x: 0, y: 0, z: 0}
  m_Children:
  - {fileID: 470020}
  m_Father: {fileID: 451314}
  m_RootOrder: 0
--- !u!4 &493422
Transform:
  m_ObjectHideFlags: 1
  m_PrefabParentObject: {fileID: 0}
  m_PrefabInternal: {fileID: 100100000}
  m_GameObject: {fileID: 131068}
  m_LocalRotation: {x: 0, y: 0, z: 0, w: 1}
  m_LocalPosition: {x: 0, y: 0, z: 0}
  m_LocalScale: {x: 1, y: 1, z: 1}
  m_LocalEulerAnglesHint: {x: 0, y: 0, z: 0}
  m_Children: []
  m_Father: {fileID: 494038}
  m_RootOrder: 0
--- !u!4 &494038
Transform:
  m_ObjectHideFlags: 1
  m_PrefabParentObject: {fileID: 0}
  m_PrefabInternal: {fileID: 100100000}
  m_GameObject: {fileID: 137900}
  m_LocalRotation: {x: 0, y: 0, z: 0, w: 1}
  m_LocalPosition: {x: 0, y: 0, z: 0}
  m_LocalScale: {x: 1, y: 1, z: 1}
  m_LocalEulerAnglesHint: {x: 0, y: 0, z: 0}
  m_Children:
  - {fileID: 493422}
  - {fileID: 481918}
  m_Father: {fileID: 417922}
  m_RootOrder: 0
--- !u!4 &496454
Transform:
  m_ObjectHideFlags: 1
  m_PrefabParentObject: {fileID: 0}
  m_PrefabInternal: {fileID: 100100000}
  m_GameObject: {fileID: 119568}
  m_LocalRotation: {x: 0, y: 1, z: -0, w: -0.00000016292068}
  m_LocalPosition: {x: -0, y: 0, z: 0}
  m_LocalScale: {x: 1, y: 1, z: 1}
  m_LocalEulerAnglesHint: {x: 0, y: 180, z: 0}
  m_Children:
  - {fileID: 467752}
  - {fileID: 461396}
  m_Father: {fileID: 434032}
  m_RootOrder: 0
--- !u!114 &11414726
MonoBehaviour:
  m_ObjectHideFlags: 1
  m_PrefabParentObject: {fileID: 0}
  m_PrefabInternal: {fileID: 100100000}
  m_GameObject: {fileID: 130112}
  m_Enabled: 1
  m_EditorHideFlags: 0
  m_Script: {fileID: 11500000, guid: 9f3701af2818a1a468e476f8779d3d7b, type: 3}
  m_Name: 
  m_EditorClassIdentifier: 
  fireOnSkip: 0
  firetime: -1
  duration: -1
  serializedAdditionalObjectsPaths: []
  NewPhase: 1
--- !u!114 &11418956
MonoBehaviour:
  m_ObjectHideFlags: 1
  m_PrefabParentObject: {fileID: 0}
  m_PrefabInternal: {fileID: 100100000}
  m_GameObject: {fileID: 152196}
  m_Enabled: 1
  m_EditorHideFlags: 0
  m_Script: {fileID: 11500000, guid: 92af80c84f4b742648b77bcdc7a5f26c, type: 3}
  m_Name: 
  m_EditorClassIdentifier: 
  _id: 1
  _timeline: {fileID: 11494408}
  _evtTypeStr: Flux.LimitBreakDone
  _events:
  - {fileID: 11492084}
  _alwaysUseCache: 0
  _cacheMode: 0
--- !u!114 &11419356
MonoBehaviour:
  m_ObjectHideFlags: 1
  m_PrefabParentObject: {fileID: 0}
  m_PrefabInternal: {fileID: 100100000}
  m_GameObject: {fileID: 166732}
  m_Enabled: 0
  m_EditorHideFlags: 0
  m_Script: {fileID: 11500000, guid: 868ccc3db58364b6aa96d960ce8dc94a, type: 3}
  m_Name: 
  m_EditorClassIdentifier: 
  _id: 4
  _container: {fileID: 11464104}
  _owner: {fileID: 0}
  _ownerPath: /LimitBreak/TargetPlane/Target 3
  _tracks:
  - {fileID: 11453920}
--- !u!114 &11421346
MonoBehaviour:
  m_ObjectHideFlags: 1
  m_PrefabParentObject: {fileID: 0}
  m_PrefabInternal: {fileID: 100100000}
  m_GameObject: {fileID: 130112}
  m_Enabled: 1
  m_EditorHideFlags: 0
  m_Script: {fileID: 11500000, guid: a4a49686e8bd9434b904f7d963b0fbb5, type: 3}
  m_Name: 
  m_EditorClassIdentifier: 
--- !u!114 &11427720
MonoBehaviour:
  m_ObjectHideFlags: 1
  m_PrefabParentObject: {fileID: 0}
  m_PrefabInternal: {fileID: 100100000}
  m_GameObject: {fileID: 199774}
  m_Enabled: 1
  m_EditorHideFlags: 0
  m_Script: {fileID: 11500000, guid: 8f6f7da17d790d440b81e37338d163ce, type: 3}
  m_Name: 
  m_EditorClassIdentifier: 
  _id: 1
  _track: {fileID: 11428032}
  _triggerOnSkip: 0
  _frameRange:
    _start: 147
    _end: 152
--- !u!114 &11428032
MonoBehaviour:
  m_ObjectHideFlags: 1
  m_PrefabParentObject: {fileID: 0}
  m_PrefabInternal: {fileID: 100100000}
  m_GameObject: {fileID: 180262}
  m_Enabled: 1
  m_EditorHideFlags: 0
  m_Script: {fileID: 11500000, guid: 92af80c84f4b742648b77bcdc7a5f26c, type: 3}
  m_Name: 
  m_EditorClassIdentifier: 
  _id: 0
  _timeline: {fileID: 11445708}
  _evtTypeStr: Flux.BattlerOnHit
  _events:
  - {fileID: 11443072}
  - {fileID: 11427720}
  _alwaysUseCache: 0
  _cacheMode: 0
--- !u!114 &11430156
MonoBehaviour:
  m_ObjectHideFlags: 1
  m_PrefabParentObject: {fileID: 0}
  m_PrefabInternal: {fileID: 100100000}
  m_GameObject: {fileID: 167834}
  m_Enabled: 1
  m_EditorHideFlags: 0
  m_Script: {fileID: 11500000, guid: 16f96bf32632d22459d0ac81b90e9562, type: 3}
  m_Name: 
  m_EditorClassIdentifier: 
  _id: 0
  _track: {fileID: 11434586}
  _triggerOnSkip: 1
  _frameRange:
    _start: 15
    _end: 28
  AnimationName: START
  layer: -1
  RandomStart: 0
  Crossfade: 0
  CrossFadeTime: 0.25
--- !u!114 &11434586
MonoBehaviour:
  m_ObjectHideFlags: 1
  m_PrefabParentObject: {fileID: 0}
  m_PrefabInternal: {fileID: 100100000}
  m_GameObject: {fileID: 132590}
  m_Enabled: 1
  m_EditorHideFlags: 0
  m_Script: {fileID: 11500000, guid: 92af80c84f4b742648b77bcdc7a5f26c, type: 3}
  m_Name: 
  m_EditorClassIdentifier: 
  _id: 0
  _timeline: {fileID: 11485542}
  _evtTypeStr: Flux.PlayAnimation
  _events:
  - {fileID: 11430156}
  _alwaysUseCache: 0
  _cacheMode: 0
--- !u!114 &11443072
MonoBehaviour:
  m_ObjectHideFlags: 1
  m_PrefabParentObject: {fileID: 0}
  m_PrefabInternal: {fileID: 100100000}
  m_GameObject: {fileID: 178128}
  m_Enabled: 1
  m_EditorHideFlags: 0
  m_Script: {fileID: 11500000, guid: 8f6f7da17d790d440b81e37338d163ce, type: 3}
  m_Name: 
  m_EditorClassIdentifier: 
  _id: 0
  _track: {fileID: 11428032}
  _triggerOnSkip: 0
  _frameRange:
    _start: 109
    _end: 113
--- !u!114 &11443314
MonoBehaviour:
  m_ObjectHideFlags: 1
  m_PrefabParentObject: {fileID: 0}
  m_PrefabInternal: {fileID: 100100000}
  m_GameObject: {fileID: 121524}
  m_Enabled: 0
  m_EditorHideFlags: 0
  m_Script: {fileID: 11500000, guid: 868ccc3db58364b6aa96d960ce8dc94a, type: 3}
  m_Name: 
  m_EditorClassIdentifier: 
  _id: 2
  _container: {fileID: 11464104}
  _owner: {fileID: 0}
  _ownerPath: /LimitBreak/TargetPlane/Target 1
  _tracks:
  - {fileID: 11454900}
--- !u!114 &11443578
MonoBehaviour:
  m_ObjectHideFlags: 1
  m_PrefabParentObject: {fileID: 0}
  m_PrefabInternal: {fileID: 100100000}
  m_GameObject: {fileID: 155924}
  m_Enabled: 1
  m_EditorHideFlags: 0
  m_Script: {fileID: 11500000, guid: 8f6f7da17d790d440b81e37338d163ce, type: 3}
  m_Name: 
  m_EditorClassIdentifier: 
  _id: 0
  _track: {fileID: 11454900}
  _triggerOnSkip: 0
  _frameRange:
    _start: 109
    _end: 113
--- !u!114 &11443874
MonoBehaviour:
  m_ObjectHideFlags: 1
  m_PrefabParentObject: {fileID: 0}
  m_PrefabInternal: {fileID: 100100000}
  m_GameObject: {fileID: 154638}
  m_Enabled: 1
  m_EditorHideFlags: 0
  m_Script: {fileID: 11500000, guid: 868ccc3db58364b6aa96d960ce8dc94a, type: 3}
  m_Name: 
  m_EditorClassIdentifier: 
  _id: 1
  _container: {fileID: 11464104}
  _owner: {fileID: 0}
  _ownerPath: /ScreenFaderCanvas/ScreenFader
  _tracks:
  - {fileID: 11456096}
--- !u!114 &11445708
MonoBehaviour:
  m_ObjectHideFlags: 1
  m_PrefabParentObject: {fileID: 0}
  m_PrefabInternal: {fileID: 100100000}
  m_GameObject: {fileID: 149436}
  m_Enabled: 0
  m_EditorHideFlags: 0
  m_Script: {fileID: 11500000, guid: 868ccc3db58364b6aa96d960ce8dc94a, type: 3}
  m_Name: 
  m_EditorClassIdentifier: 
  _id: 3
  _container: {fileID: 11464104}
  _owner: {fileID: 0}
  _ownerPath: /LimitBreak/TargetPlane/Target 2
  _tracks:
  - {fileID: 11428032}
--- !u!114 &11450444
MonoBehaviour:
  m_ObjectHideFlags: 1
  m_PrefabParentObject: {fileID: 0}
  m_PrefabInternal: {fileID: 100100000}
  m_GameObject: {fileID: 145232}
  m_Enabled: 1
  m_EditorHideFlags: 0
  m_Script: {fileID: 11500000, guid: 16f96bf32632d22459d0ac81b90e9562, type: 3}
  m_Name: 
  m_EditorClassIdentifier: 
  _id: 0
  _track: {fileID: 11493716}
  _triggerOnSkip: 1
  _frameRange:
    _start: 15
    _end: 111
  AnimationName: SKILL_SECOND
  layer: -1
  RandomStart: 0
  Crossfade: 1
  CrossFadeTime: 0
--- !u!114 &11453920
MonoBehaviour:
  m_ObjectHideFlags: 1
  m_PrefabParentObject: {fileID: 0}
  m_PrefabInternal: {fileID: 100100000}
  m_GameObject: {fileID: 119568}
  m_Enabled: 1
  m_EditorHideFlags: 0
  m_Script: {fileID: 11500000, guid: 92af80c84f4b742648b77bcdc7a5f26c, type: 3}
  m_Name: 
  m_EditorClassIdentifier: 
  _id: 0
  _timeline: {fileID: 11419356}
  _evtTypeStr: Flux.BattlerOnHit
  _events:
  - {fileID: 11495424}
  - {fileID: 11494538}
  _alwaysUseCache: 0
  _cacheMode: 0
--- !u!114 &11454312
MonoBehaviour:
  m_ObjectHideFlags: 1
  m_PrefabParentObject: {fileID: 0}
  m_PrefabInternal: {fileID: 100100000}
  m_GameObject: {fileID: 181484}
  m_Enabled: 1
  m_EditorHideFlags: 0
  m_Script: {fileID: 11500000, guid: e4827dd1599d94c2ba480f063fdfa6ec, type: 3}
  m_Name: 
  m_EditorClassIdentifier: 
  _id: 1
  _track: {fileID: 11456096}
  _triggerOnSkip: 0
  _frameRange:
    _start: 225
    _end: 240
  _tween:
    _easingType: 0
    _from: {r: 0, g: 0, b: 0, a: 0}
    _to: {r: 0, g: 0, b: 0, a: 1}
  _className: UnityEngine.UI.Image
  _variableName: color
--- !u!114 &11454900
MonoBehaviour:
  m_ObjectHideFlags: 1
  m_PrefabParentObject: {fileID: 0}
  m_PrefabInternal: {fileID: 100100000}
  m_GameObject: {fileID: 148558}
  m_Enabled: 1
  m_EditorHideFlags: 0
  m_Script: {fileID: 11500000, guid: 92af80c84f4b742648b77bcdc7a5f26c, type: 3}
  m_Name: 
  m_EditorClassIdentifier: 
  _id: 0
  _timeline: {fileID: 11443314}
  _evtTypeStr: Flux.BattlerOnHit
  _events:
  - {fileID: 11443578}
  - {fileID: 11499634}
  _alwaysUseCache: 0
  _cacheMode: 0
--- !u!114 &11456096
MonoBehaviour:
  m_ObjectHideFlags: 1
  m_PrefabParentObject: {fileID: 0}
  m_PrefabInternal: {fileID: 100100000}
  m_GameObject: {fileID: 137900}
  m_Enabled: 1
  m_EditorHideFlags: 0
  m_Script: {fileID: 11500000, guid: 92af80c84f4b742648b77bcdc7a5f26c, type: 3}
  m_Name: 
  m_EditorClassIdentifier: 
  _id: 0
  _timeline: {fileID: 11443874}
  _evtTypeStr: Flux.FTweenColorEvent
  _events:
  - {fileID: 11469178}
  - {fileID: 11454312}
  _alwaysUseCache: 0
  _cacheMode: 0
--- !u!114 &11464104
MonoBehaviour:
  m_ObjectHideFlags: 1
  m_PrefabParentObject: {fileID: 0}
  m_PrefabInternal: {fileID: 100100000}
  m_GameObject: {fileID: 138268}
  m_Enabled: 1
  m_EditorHideFlags: 0
  m_Script: {fileID: 11500000, guid: 6c190ac7427b84f9dba9f95b04e8af4a, type: 3}
  m_Name: 
  m_EditorClassIdentifier: 
  _id: 0
  _sequence: {fileID: 11467106}
  _color: {r: 0.14, g: 0.14, b: 0.14, a: 0.7}
  _timelines:
  - {fileID: 11494408}
  - {fileID: 11443874}
  - {fileID: 11443314}
  - {fileID: 11445708}
  - {fileID: 11419356}
  - {fileID: 11485542}
--- !u!114 &11467106
MonoBehaviour:
  m_ObjectHideFlags: 1
  m_PrefabParentObject: {fileID: 0}
  m_PrefabInternal: {fileID: 100100000}
  m_GameObject: {fileID: 130112}
  m_Enabled: 1
  m_EditorHideFlags: 0
  m_Script: {fileID: 11500000, guid: 61ea4d84209604c6785a01ab2786d0f9, type: 3}
  m_Name: 
  m_EditorClassIdentifier: 
  _id: -1
  _content: {fileID: 489968}
  _containers:
  - {fileID: 11464104}
  _version: 200
  _playOnStart: 0
  _loop: 0
  _defaultSpeed: 1
  _updateMode: 0
  _length: 330
  _onFinishedCallback:
    m_PersistentCalls:
      m_Calls: []
    m_TypeName: Flux.SequenceFinishedEvent, Assembly-CSharp, Version=0.0.0.0, Culture=neutral,
      PublicKeyToken=null
  _frameRate: 30
  _inverseFrameRate: 0.033333335
--- !u!114 &11469178
MonoBehaviour:
  m_ObjectHideFlags: 1
  m_PrefabParentObject: {fileID: 0}
  m_PrefabInternal: {fileID: 100100000}
  m_GameObject: {fileID: 131068}
  m_Enabled: 1
  m_EditorHideFlags: 0
  m_Script: {fileID: 11500000, guid: e4827dd1599d94c2ba480f063fdfa6ec, type: 3}
  m_Name: 
  m_EditorClassIdentifier: 
  _id: 0
  _track: {fileID: 11456096}
  _triggerOnSkip: 0
  _frameRange:
    _start: 15
    _end: 30
  _tween:
    _easingType: 0
    _from: {r: 0, g: 0, b: 0, a: 1}
    _to: {r: 0, g: 0, b: 0, a: 0}
  _className: UnityEngine.UI.Image
  _variableName: color
--- !u!114 &11485542
MonoBehaviour:
  m_ObjectHideFlags: 1
  m_PrefabParentObject: {fileID: 0}
  m_PrefabInternal: {fileID: 100100000}
  m_GameObject: {fileID: 108204}
  m_Enabled: 1
  m_EditorHideFlags: 0
  m_Script: {fileID: 11500000, guid: 868ccc3db58364b6aa96d960ce8dc94a, type: 3}
  m_Name: 
  m_EditorClassIdentifier: 
  _id: 5
  _container: {fileID: 11464104}
  _owner: {fileID: 0}
  _ownerPath: /LimitBreak/BattleCamParent/Battle Camera
  _tracks:
  - {fileID: 11434586}
--- !u!114 &11492084
MonoBehaviour:
  m_ObjectHideFlags: 1
  m_PrefabParentObject: {fileID: 0}
  m_PrefabInternal: {fileID: 100100000}
  m_GameObject: {fileID: 153394}
  m_Enabled: 1
  m_EditorHideFlags: 0
  m_Script: {fileID: 11500000, guid: 715eaf9a2bee51e4c91dd51f51d5db8e, type: 3}
  m_Name: 
  m_EditorClassIdentifier: 
  _id: 0
  _track: {fileID: 11418956}
  _triggerOnSkip: 1
  _frameRange:
    _start: 240
    _end: 253
--- !u!114 &11493716
MonoBehaviour:
  m_ObjectHideFlags: 1
  m_PrefabParentObject: {fileID: 0}
  m_PrefabInternal: {fileID: 100100000}
  m_GameObject: {fileID: 108718}
  m_Enabled: 1
  m_EditorHideFlags: 0
  m_Script: {fileID: 11500000, guid: 92af80c84f4b742648b77bcdc7a5f26c, type: 3}
  m_Name: 
  m_EditorClassIdentifier: 
  _id: 0
  _timeline: {fileID: 11494408}
  _evtTypeStr: Flux.PlayAnimation
  _events:
  - {fileID: 11450444}
  _alwaysUseCache: 0
  _cacheMode: 0
--- !u!114 &11494408
MonoBehaviour:
  m_ObjectHideFlags: 1
  m_PrefabParentObject: {fileID: 0}
  m_PrefabInternal: {fileID: 100100000}
  m_GameObject: {fileID: 174640}
  m_Enabled: 0
  m_EditorHideFlags: 0
  m_Script: {fileID: 11500000, guid: 868ccc3db58364b6aa96d960ce8dc94a, type: 3}
  m_Name: 
  m_EditorClassIdentifier: 
  _id: 0
  _container: {fileID: 11464104}
  _owner: {fileID: 0}
  _ownerPath: /LimitBreak/Caster/Arkwora
  _tracks:
  - {fileID: 11493716}
  - {fileID: 11418956}
--- !u!114 &11494538
MonoBehaviour:
  m_ObjectHideFlags: 1
  m_PrefabParentObject: {fileID: 0}
  m_PrefabInternal: {fileID: 100100000}
  m_GameObject: {fileID: 132592}
  m_Enabled: 1
  m_EditorHideFlags: 0
  m_Script: {fileID: 11500000, guid: 8f6f7da17d790d440b81e37338d163ce, type: 3}
  m_Name: 
  m_EditorClassIdentifier: 
  _id: 1
  _track: {fileID: 11453920}
  _triggerOnSkip: 0
  _frameRange:
    _start: 147
    _end: 152
--- !u!114 &11495424
MonoBehaviour:
  m_ObjectHideFlags: 1
  m_PrefabParentObject: {fileID: 0}
  m_PrefabInternal: {fileID: 100100000}
  m_GameObject: {fileID: 107184}
  m_Enabled: 1
  m_EditorHideFlags: 0
  m_Script: {fileID: 11500000, guid: 8f6f7da17d790d440b81e37338d163ce, type: 3}
  m_Name: 
  m_EditorClassIdentifier: 
  _id: 0
  _track: {fileID: 11453920}
  _triggerOnSkip: 0
  _frameRange:
    _start: 109
    _end: 113
--- !u!114 &11499634
MonoBehaviour:
  m_ObjectHideFlags: 1
  m_PrefabParentObject: {fileID: 0}
  m_PrefabInternal: {fileID: 100100000}
  m_GameObject: {fileID: 113472}
  m_Enabled: 1
  m_EditorHideFlags: 0
  m_Script: {fileID: 11500000, guid: 8f6f7da17d790d440b81e37338d163ce, type: 3}
  m_Name: 
  m_EditorClassIdentifier: 
  _id: 1
  _track: {fileID: 11454900}
  _triggerOnSkip: 0
  _frameRange:
    _start: 147
    _end: 152
--- !u!1001 &100100000
Prefab:
  m_ObjectHideFlags: 1
  serializedVersion: 2
  m_Modification:
    m_TransformParent: {fileID: 0}
    m_Modifications: []
    m_RemovedComponents: []
  m_ParentPrefab: {fileID: 0}
  m_RootGameObject: {fileID: 130112}
  m_IsPrefabParent: 1
