%YAML 1.1
%TAG !u! tag:unity3d.com,2011:
--- !u!1 &101518
GameObject:
  m_ObjectHideFlags: 1
  m_PrefabParentObject: {fileID: 0}
  m_PrefabInternal: {fileID: 100100000}
  serializedVersion: 4
  m_Component:
  - 4: {fileID: 474314}
  - 114: {fileID: 11460462}
  m_Layer: 0
  m_Name: Aria
  m_TagString: Untagged
  m_Icon: {fileID: 0}
  m_NavMeshLayer: 0
  m_StaticEditorFlags: 0
  m_IsActive: 1
--- !u!1 &109714
GameObject:
  m_ObjectHideFlags: 1
  m_PrefabParentObject: {fileID: 0}
  m_PrefabInternal: {fileID: 100100000}
  serializedVersion: 4
  m_Component:
  - 4: {fileID: 445412}
  - 114: {fileID: 11418156}
  m_Layer: 0
  m_Name: Finn
  m_TagString: Untagged
  m_Icon: {fileID: 0}
  m_NavMeshLayer: 0
  m_StaticEditorFlags: 0
  m_IsActive: 1
--- !u!1 &112180
GameObject:
  m_ObjectHideFlags: 1
  m_PrefabParentObject: {fileID: 0}
  m_PrefabInternal: {fileID: 100100000}
  serializedVersion: 4
  m_Component:
  - 4: {fileID: 496658}
  - 114: {fileID: 11428912}
  m_Layer: 0
  m_Name: Call Function
  m_TagString: Untagged
  m_Icon: {fileID: 0}
  m_NavMeshLayer: 0
  m_StaticEditorFlags: 0
  m_IsActive: 1
--- !u!1 &112356
GameObject:
  m_ObjectHideFlags: 1
  m_PrefabParentObject: {fileID: 0}
  m_PrefabInternal: {fileID: 100100000}
  serializedVersion: 4
  m_Component:
  - 4: {fileID: 416332}
  - 114: {fileID: 11407024}
  m_Layer: 0
  m_Name: Albaro Sequence
  m_TagString: Untagged
  m_Icon: {fileID: 0}
  m_NavMeshLayer: 0
  m_StaticEditorFlags: 0
  m_IsActive: 1
--- !u!1 &115612
GameObject:
  m_ObjectHideFlags: 1
  m_PrefabParentObject: {fileID: 0}
  m_PrefabInternal: {fileID: 100100000}
  serializedVersion: 4
  m_Component:
  - 4: {fileID: 430670}
  - 114: {fileID: 11423118}
  m_Layer: 0
  m_Name: Flux Look By ID
  m_TagString: Untagged
  m_Icon: {fileID: 0}
  m_NavMeshLayer: 0
  m_StaticEditorFlags: 0
  m_IsActive: 1
--- !u!1 &116376
GameObject:
  m_ObjectHideFlags: 1
  m_PrefabParentObject: {fileID: 0}
  m_PrefabInternal: {fileID: 100100000}
  serializedVersion: 4
  m_Component:
  - 4: {fileID: 466198}
  - 114: {fileID: 11455268}
  m_Layer: 0
  m_Name: Flux Look By ID
  m_TagString: Untagged
  m_Icon: {fileID: 0}
  m_NavMeshLayer: 0
  m_StaticEditorFlags: 0
  m_IsActive: 1
--- !u!1 &120746
GameObject:
  m_ObjectHideFlags: 1
  m_PrefabParentObject: {fileID: 0}
  m_PrefabInternal: {fileID: 100100000}
  serializedVersion: 4
  m_Component:
  - 4: {fileID: 407944}
  - 114: {fileID: 11412828}
  m_Layer: 0
  m_Name: Flux.PlayAnimation
  m_TagString: Untagged
  m_Icon: {fileID: 0}
  m_NavMeshLayer: 0
  m_StaticEditorFlags: 0
  m_IsActive: 1
--- !u!1 &124850
GameObject:
  m_ObjectHideFlags: 1
  m_PrefabParentObject: {fileID: 0}
  m_PrefabInternal: {fileID: 100100000}
  serializedVersion: 4
  m_Component:
  - 4: {fileID: 471932}
  - 114: {fileID: 11420266}
  m_Layer: 0
  m_Name: Flux.FluxLookByID
  m_TagString: Untagged
  m_Icon: {fileID: 0}
  m_NavMeshLayer: 0
  m_StaticEditorFlags: 0
  m_IsActive: 1
--- !u!1 &126270
GameObject:
  m_ObjectHideFlags: 1
  m_PrefabParentObject: {fileID: 0}
  m_PrefabInternal: {fileID: 100100000}
  serializedVersion: 4
  m_Component:
  - 4: {fileID: 462714}
  - 114: {fileID: 11462484}
  m_Layer: 0
  m_Name: Flux.PlayAnimation
  m_TagString: Untagged
  m_Icon: {fileID: 0}
  m_NavMeshLayer: 0
  m_StaticEditorFlags: 0
  m_IsActive: 1
--- !u!1 &127970
GameObject:
  m_ObjectHideFlags: 1
  m_PrefabParentObject: {fileID: 0}
  m_PrefabInternal: {fileID: 100100000}
  serializedVersion: 4
  m_Component:
  - 4: {fileID: 446394}
  - 114: {fileID: 11450600}
  m_Layer: 0
  m_Name: Kael
  m_TagString: Untagged
  m_Icon: {fileID: 0}
  m_NavMeshLayer: 0
  m_StaticEditorFlags: 0
  m_IsActive: 1
--- !u!1 &129368
GameObject:
  m_ObjectHideFlags: 1
  m_PrefabParentObject: {fileID: 0}
  m_PrefabInternal: {fileID: 100100000}
  serializedVersion: 4
  m_Component:
  - 4: {fileID: 415376}
  - 114: {fileID: 11463392}
  m_Layer: 0
  m_Name: Others
  m_TagString: Untagged
  m_Icon: {fileID: 0}
  m_NavMeshLayer: 0
  m_StaticEditorFlags: 0
  m_IsActive: 1
--- !u!1 &130382
GameObject:
  m_ObjectHideFlags: 1
  m_PrefabParentObject: {fileID: 0}
  m_PrefabInternal: {fileID: 100100000}
  serializedVersion: 4
  m_Component:
  - 4: {fileID: 430170}
  - 114: {fileID: 11468504}
  m_Layer: 0
  m_Name: Flux.FCallFunctionEvent
  m_TagString: Untagged
  m_Icon: {fileID: 0}
  m_NavMeshLayer: 0
  m_StaticEditorFlags: 0
  m_IsActive: 1
--- !u!1 &132396
GameObject:
  m_ObjectHideFlags: 1
  m_PrefabParentObject: {fileID: 0}
  m_PrefabInternal: {fileID: 100100000}
  serializedVersion: 4
  m_Component:
  - 4: {fileID: 483874}
  - 114: {fileID: 11485082}
  m_Layer: 0
  m_Name: Flux.FluxLookByID
  m_TagString: Untagged
  m_Icon: {fileID: 0}
  m_NavMeshLayer: 0
  m_StaticEditorFlags: 0
  m_IsActive: 1
--- !u!1 &134518
GameObject:
  m_ObjectHideFlags: 1
  m_PrefabParentObject: {fileID: 0}
  m_PrefabInternal: {fileID: 100100000}
  serializedVersion: 4
  m_Component:
  - 4: {fileID: 432470}
  - 114: {fileID: 11462660}
  m_Layer: 0
  m_Name: Default
  m_TagString: Untagged
  m_Icon: {fileID: 0}
  m_NavMeshLayer: 0
  m_StaticEditorFlags: 0
  m_IsActive: 1
--- !u!1 &135148
GameObject:
  m_ObjectHideFlags: 0
  m_PrefabParentObject: {fileID: 0}
  m_PrefabInternal: {fileID: 100100000}
  serializedVersion: 4
  m_Component:
  - 4: {fileID: 482800}
  - 114: {fileID: 11429596}
  - 114: {fileID: 11430696}
  - 114: {fileID: 11424558}
  m_Layer: 0
  m_Name: Heroes 2 AfterBattle Sequence
  m_TagString: Untagged
  m_Icon: {fileID: 0}
  m_NavMeshLayer: 0
  m_StaticEditorFlags: 0
  m_IsActive: 1
--- !u!1 &135870
GameObject:
  m_ObjectHideFlags: 1
  m_PrefabParentObject: {fileID: 0}
  m_PrefabInternal: {fileID: 100100000}
  serializedVersion: 4
  m_Component:
  - 4: {fileID: 473010}
  - 114: {fileID: 11495434}
  m_Layer: 0
  m_Name: Play Animation
  m_TagString: Untagged
  m_Icon: {fileID: 0}
  m_NavMeshLayer: 0
  m_StaticEditorFlags: 0
  m_IsActive: 1
--- !u!1 &136092
GameObject:
  m_ObjectHideFlags: 1
  m_PrefabParentObject: {fileID: 0}
  m_PrefabInternal: {fileID: 100100000}
  serializedVersion: 4
  m_Component:
  - 4: {fileID: 458446}
  - 114: {fileID: 11412668}
  m_Layer: 0
  m_Name: Start Dialogue
  m_TagString: Untagged
  m_Icon: {fileID: 0}
  m_NavMeshLayer: 0
  m_StaticEditorFlags: 0
  m_IsActive: 1
--- !u!1 &138658
GameObject:
  m_ObjectHideFlags: 1
  m_PrefabParentObject: {fileID: 0}
  m_PrefabInternal: {fileID: 100100000}
  serializedVersion: 4
  m_Component:
  - 4: {fileID: 457846}
  - 114: {fileID: 11479868}
  m_Layer: 0
  m_Name: Flux.StartDialogue
  m_TagString: Untagged
  m_Icon: {fileID: 0}
  m_NavMeshLayer: 0
  m_StaticEditorFlags: 0
  m_IsActive: 1
--- !u!1 &142916
GameObject:
  m_ObjectHideFlags: 1
  m_PrefabParentObject: {fileID: 0}
  m_PrefabInternal: {fileID: 100100000}
  serializedVersion: 4
  m_Component:
  - 4: {fileID: 467106}
  - 114: {fileID: 11424284}
  m_Layer: 0
  m_Name: Flux.ResumeSequenceDialogue
  m_TagString: Untagged
  m_Icon: {fileID: 0}
  m_NavMeshLayer: 0
  m_StaticEditorFlags: 0
  m_IsActive: 1
--- !u!1 &145230
GameObject:
  m_ObjectHideFlags: 1
  m_PrefabParentObject: {fileID: 0}
  m_PrefabInternal: {fileID: 100100000}
  serializedVersion: 4
  m_Component:
  - 4: {fileID: 474046}
  - 114: {fileID: 11437340}
  m_Layer: 0
  m_Name: Flux.FCallFunctionEvent
  m_TagString: Untagged
  m_Icon: {fileID: 0}
  m_NavMeshLayer: 0
  m_StaticEditorFlags: 0
  m_IsActive: 1
--- !u!1 &150846
GameObject:
  m_ObjectHideFlags: 1
  m_PrefabParentObject: {fileID: 0}
  m_PrefabInternal: {fileID: 100100000}
  serializedVersion: 4
  m_Component:
  - 4: {fileID: 440230}
  - 114: {fileID: 11487682}
  m_Layer: 0
  m_Name: Flux.FluxLookByID
  m_TagString: Untagged
  m_Icon: {fileID: 0}
  m_NavMeshLayer: 0
  m_StaticEditorFlags: 0
  m_IsActive: 1
--- !u!1 &151200
GameObject:
  m_ObjectHideFlags: 1
  m_PrefabParentObject: {fileID: 0}
  m_PrefabInternal: {fileID: 100100000}
  serializedVersion: 4
  m_Component:
  - 4: {fileID: 460728}
  - 114: {fileID: 11437754}
  m_Layer: 0
  m_Name: Play Animation
  m_TagString: Untagged
  m_Icon: {fileID: 0}
  m_NavMeshLayer: 0
  m_StaticEditorFlags: 0
  m_IsActive: 1
--- !u!1 &157444
GameObject:
  m_ObjectHideFlags: 1
  m_PrefabParentObject: {fileID: 0}
  m_PrefabInternal: {fileID: 100100000}
  serializedVersion: 4
  m_Component:
  - 4: {fileID: 407170}
  - 114: {fileID: 11474576}
  m_Layer: 0
  m_Name: Call Function
  m_TagString: Untagged
  m_Icon: {fileID: 0}
  m_NavMeshLayer: 0
  m_StaticEditorFlags: 0
  m_IsActive: 1
--- !u!1 &163344
GameObject:
  m_ObjectHideFlags: 1
  m_PrefabParentObject: {fileID: 0}
  m_PrefabInternal: {fileID: 100100000}
  serializedVersion: 4
  m_Component:
  - 4: {fileID: 478604}
  - 114: {fileID: 11417488}
  m_Layer: 0
  m_Name: Flux.FluxLookByID
  m_TagString: Untagged
  m_Icon: {fileID: 0}
  m_NavMeshLayer: 0
  m_StaticEditorFlags: 0
  m_IsActive: 1
--- !u!1 &172194
GameObject:
  m_ObjectHideFlags: 1
  m_PrefabParentObject: {fileID: 0}
  m_PrefabInternal: {fileID: 100100000}
  serializedVersion: 4
  m_Component:
  - 4: {fileID: 416574}
  - 114: {fileID: 11440732}
  m_Layer: 0
  m_Name: Main Chara
  m_TagString: Untagged
  m_Icon: {fileID: 0}
  m_NavMeshLayer: 0
  m_StaticEditorFlags: 0
  m_IsActive: 1
--- !u!1 &172770
GameObject:
  m_ObjectHideFlags: 1
  m_PrefabParentObject: {fileID: 0}
  m_PrefabInternal: {fileID: 100100000}
  serializedVersion: 4
  m_Component:
  - 4: {fileID: 438874}
  - 114: {fileID: 11469402}
  m_Layer: 0
  m_Name: Flux.ResumeSequenceDialogue
  m_TagString: Untagged
  m_Icon: {fileID: 0}
  m_NavMeshLayer: 0
  m_StaticEditorFlags: 0
  m_IsActive: 1
--- !u!1 &177668
GameObject:
  m_ObjectHideFlags: 0
  m_PrefabParentObject: {fileID: 0}
  m_PrefabInternal: {fileID: 100100000}
  serializedVersion: 4
  m_Component:
  - 4: {fileID: 491928}
  m_Layer: 0
  m_Name: SequenceContent
  m_TagString: Untagged
  m_Icon: {fileID: 0}
  m_NavMeshLayer: 0
  m_StaticEditorFlags: 0
  m_IsActive: 1
--- !u!1 &179544
GameObject:
  m_ObjectHideFlags: 1
  m_PrefabParentObject: {fileID: 0}
  m_PrefabInternal: {fileID: 100100000}
  serializedVersion: 4
  m_Component:
  - 4: {fileID: 497804}
  - 114: {fileID: 11424012}
  m_Layer: 0
  m_Name: Flux.FCallFunctionEvent
  m_TagString: Untagged
  m_Icon: {fileID: 0}
  m_NavMeshLayer: 0
  m_StaticEditorFlags: 0
  m_IsActive: 1
--- !u!1 &180894
GameObject:
  m_ObjectHideFlags: 1
  m_PrefabParentObject: {fileID: 0}
  m_PrefabInternal: {fileID: 100100000}
  serializedVersion: 4
  m_Component:
  - 4: {fileID: 494206}
  - 114: {fileID: 11493020}
  m_Layer: 0
  m_Name: Resume Sequence Dialogue
  m_TagString: Untagged
  m_Icon: {fileID: 0}
  m_NavMeshLayer: 0
  m_StaticEditorFlags: 0
  m_IsActive: 1
--- !u!4 &407170
Transform:
  m_ObjectHideFlags: 1
  m_PrefabParentObject: {fileID: 0}
  m_PrefabInternal: {fileID: 100100000}
  m_GameObject: {fileID: 157444}
  m_LocalRotation: {x: 0, y: 0, z: 0, w: 1}
  m_LocalPosition: {x: 0, y: 0, z: 0}
  m_LocalScale: {x: 1, y: 1, z: 1}
  m_LocalEulerAnglesHint: {x: 0, y: 0, z: 0}
  m_Children:
  - {fileID: 497804}
  m_Father: {fileID: 445412}
  m_RootOrder: 0
--- !u!4 &407944
Transform:
  m_ObjectHideFlags: 1
  m_PrefabParentObject: {fileID: 0}
  m_PrefabInternal: {fileID: 100100000}
  m_GameObject: {fileID: 120746}
  m_LocalRotation: {x: 0, y: 0, z: 0, w: 1}
  m_LocalPosition: {x: 0, y: 0, z: 0}
  m_LocalScale: {x: 1, y: 1, z: 1}
  m_LocalEulerAnglesHint: {x: 0, y: 0, z: 0}
  m_Children: []
  m_Father: {fileID: 460728}
  m_RootOrder: 0
--- !u!4 &415376
Transform:
  m_ObjectHideFlags: 1
  m_PrefabParentObject: {fileID: 0}
  m_PrefabInternal: {fileID: 100100000}
  m_GameObject: {fileID: 129368}
  m_LocalRotation: {x: 0, y: 0, z: 0, w: 1}
  m_LocalPosition: {x: 0, y: 0, z: 0}
  m_LocalScale: {x: 1, y: 1, z: 1}
  m_LocalEulerAnglesHint: {x: 0, y: 0, z: 0}
  m_Children: []
  m_Father: {fileID: 491928}
  m_RootOrder: 1
--- !u!4 &416332
Transform:
  m_ObjectHideFlags: 1
  m_PrefabParentObject: {fileID: 0}
  m_PrefabInternal: {fileID: 100100000}
  m_GameObject: {fileID: 112356}
  m_LocalRotation: {x: 0, y: 0, z: 0, w: 1}
  m_LocalPosition: {x: 0, y: 0, z: 0}
  m_LocalScale: {x: 1, y: 1, z: 1}
  m_LocalEulerAnglesHint: {x: 0, y: 0, z: 0}
  m_Children:
  - {fileID: 458446}
  - {fileID: 494206}
  - {fileID: 496658}
  m_Father: {fileID: 432470}
  m_RootOrder: 0
--- !u!4 &416574
Transform:
  m_ObjectHideFlags: 1
  m_PrefabParentObject: {fileID: 0}
  m_PrefabInternal: {fileID: 100100000}
  m_GameObject: {fileID: 172194}
  m_LocalRotation: {x: 0, y: 0, z: 0, w: 1}
  m_LocalPosition: {x: 0, y: 0, z: 0}
  m_LocalScale: {x: 1, y: 1, z: 1}
  m_LocalEulerAnglesHint: {x: 0, y: 0, z: 0}
  m_Children:
  - {fileID: 474314}
  - {fileID: 446394}
  - {fileID: 445412}
  m_Father: {fileID: 491928}
  m_RootOrder: 2
--- !u!4 &430170
Transform:
  m_ObjectHideFlags: 1
  m_PrefabParentObject: {fileID: 0}
  m_PrefabInternal: {fileID: 100100000}
  m_GameObject: {fileID: 130382}
  m_LocalRotation: {x: 0, y: 0, z: 0, w: 1}
  m_LocalPosition: {x: 0, y: 0, z: 0}
  m_LocalScale: {x: 1, y: 1, z: 1}
  m_LocalEulerAnglesHint: {x: 0, y: 0, z: 0}
  m_Children: []
  m_Father: {fileID: 496658}
  m_RootOrder: 1
--- !u!4 &430670
Transform:
  m_ObjectHideFlags: 1
  m_PrefabParentObject: {fileID: 0}
  m_PrefabInternal: {fileID: 100100000}
  m_GameObject: {fileID: 115612}
  m_LocalRotation: {x: 0, y: 0, z: 0, w: 1}
  m_LocalPosition: {x: 0, y: 0, z: 0}
  m_LocalScale: {x: 1, y: 1, z: 1}
  m_LocalEulerAnglesHint: {x: 0, y: 0, z: 0}
  m_Children:
  - {fileID: 483874}
  - {fileID: 440230}
  m_Father: {fileID: 446394}
  m_RootOrder: 1
--- !u!4 &432470
Transform:
  m_ObjectHideFlags: 1
  m_PrefabParentObject: {fileID: 0}
  m_PrefabInternal: {fileID: 100100000}
  m_GameObject: {fileID: 134518}
  m_LocalRotation: {x: 0, y: 0, z: 0, w: 1}
  m_LocalPosition: {x: 0, y: 0, z: 0}
  m_LocalScale: {x: 1, y: 1, z: 1}
  m_LocalEulerAnglesHint: {x: 0, y: 0, z: 0}
  m_Children:
  - {fileID: 416332}
  m_Father: {fileID: 491928}
  m_RootOrder: 0
--- !u!4 &438874
Transform:
  m_ObjectHideFlags: 1
  m_PrefabParentObject: {fileID: 0}
  m_PrefabInternal: {fileID: 100100000}
  m_GameObject: {fileID: 172770}
  m_LocalRotation: {x: 0, y: 0, z: 0, w: 1}
  m_LocalPosition: {x: 0, y: 0, z: 0}
  m_LocalScale: {x: 1, y: 1, z: 1}
  m_LocalEulerAnglesHint: {x: 0, y: 0, z: 0}
  m_Children: []
  m_Father: {fileID: 494206}
  m_RootOrder: 0
--- !u!4 &440230
Transform:
  m_ObjectHideFlags: 1
  m_PrefabParentObject: {fileID: 0}
  m_PrefabInternal: {fileID: 100100000}
  m_GameObject: {fileID: 150846}
  m_LocalRotation: {x: 0, y: 0, z: 0, w: 1}
  m_LocalPosition: {x: 0, y: 0, z: 0}
  m_LocalScale: {x: 1, y: 1, z: 1}
  m_LocalEulerAnglesHint: {x: 0, y: 0, z: 0}
  m_Children: []
  m_Father: {fileID: 430670}
  m_RootOrder: 1
--- !u!4 &445412
Transform:
  m_ObjectHideFlags: 1
  m_PrefabParentObject: {fileID: 0}
  m_PrefabInternal: {fileID: 100100000}
  m_GameObject: {fileID: 109714}
  m_LocalRotation: {x: 0, y: 0, z: 0, w: 1}
  m_LocalPosition: {x: 0, y: 0, z: 0}
  m_LocalScale: {x: 1, y: 1, z: 1}
  m_LocalEulerAnglesHint: {x: 0, y: 0, z: 0}
  m_Children:
  - {fileID: 407170}
  m_Father: {fileID: 416574}
  m_RootOrder: 2
--- !u!4 &446394
Transform:
  m_ObjectHideFlags: 1
  m_PrefabParentObject: {fileID: 0}
  m_PrefabInternal: {fileID: 100100000}
  m_GameObject: {fileID: 127970}
  m_LocalRotation: {x: 0, y: 0, z: 0, w: 1}
  m_LocalPosition: {x: 0, y: 0, z: 0}
  m_LocalScale: {x: 1, y: 1, z: 1}
  m_LocalEulerAnglesHint: {x: 0, y: 0, z: 0}
  m_Children:
  - {fileID: 473010}
  - {fileID: 430670}
  m_Father: {fileID: 416574}
  m_RootOrder: 1
--- !u!4 &457846
Transform:
  m_ObjectHideFlags: 1
  m_PrefabParentObject: {fileID: 0}
  m_PrefabInternal: {fileID: 100100000}
  m_GameObject: {fileID: 138658}
  m_LocalRotation: {x: 0, y: 0, z: 0, w: 1}
  m_LocalPosition: {x: 0, y: 0, z: 0}
  m_LocalScale: {x: 1, y: 1, z: 1}
  m_LocalEulerAnglesHint: {x: 0, y: 0, z: 0}
  m_Children: []
  m_Father: {fileID: 458446}
  m_RootOrder: 0
--- !u!4 &458446
Transform:
  m_ObjectHideFlags: 1
  m_PrefabParentObject: {fileID: 0}
  m_PrefabInternal: {fileID: 100100000}
  m_GameObject: {fileID: 136092}
  m_LocalRotation: {x: 0, y: 0, z: 0, w: 1}
  m_LocalPosition: {x: 0, y: 0, z: 0}
  m_LocalScale: {x: 1, y: 1, z: 1}
  m_LocalEulerAnglesHint: {x: 0, y: 0, z: 0}
  m_Children:
  - {fileID: 457846}
  m_Father: {fileID: 416332}
  m_RootOrder: 0
--- !u!4 &460728
Transform:
  m_ObjectHideFlags: 1
  m_PrefabParentObject: {fileID: 0}
  m_PrefabInternal: {fileID: 100100000}
  m_GameObject: {fileID: 151200}
  m_LocalRotation: {x: 0, y: 0, z: 0, w: 1}
  m_LocalPosition: {x: 0, y: 0, z: 0}
  m_LocalScale: {x: 1, y: 1, z: 1}
  m_LocalEulerAnglesHint: {x: 0, y: 0, z: 0}
  m_Children:
  - {fileID: 407944}
  m_Father: {fileID: 474314}
  m_RootOrder: 0
--- !u!4 &462714
Transform:
  m_ObjectHideFlags: 1
  m_PrefabParentObject: {fileID: 0}
  m_PrefabInternal: {fileID: 100100000}
  m_GameObject: {fileID: 126270}
  m_LocalRotation: {x: 0, y: 0, z: 0, w: 1}
  m_LocalPosition: {x: 0, y: 0, z: 0}
  m_LocalScale: {x: 1, y: 1, z: 1}
  m_LocalEulerAnglesHint: {x: 0, y: 0, z: 0}
  m_Children: []
  m_Father: {fileID: 473010}
  m_RootOrder: 0
--- !u!4 &466198
Transform:
  m_ObjectHideFlags: 1
  m_PrefabParentObject: {fileID: 0}
  m_PrefabInternal: {fileID: 100100000}
  m_GameObject: {fileID: 116376}
  m_LocalRotation: {x: 0, y: 0, z: 0, w: 1}
  m_LocalPosition: {x: 0, y: 0, z: 0}
  m_LocalScale: {x: 1, y: 1, z: 1}
  m_LocalEulerAnglesHint: {x: 0, y: 0, z: 0}
  m_Children:
  - {fileID: 478604}
  - {fileID: 471932}
  m_Father: {fileID: 474314}
  m_RootOrder: 1
--- !u!4 &467106
Transform:
  m_ObjectHideFlags: 1
  m_PrefabParentObject: {fileID: 0}
  m_PrefabInternal: {fileID: 100100000}
  m_GameObject: {fileID: 142916}
  m_LocalRotation: {x: 0, y: 0, z: 0, w: 1}
  m_LocalPosition: {x: 0, y: 0, z: 0}
  m_LocalScale: {x: 1, y: 1, z: 1}
  m_LocalEulerAnglesHint: {x: 0, y: 0, z: 0}
  m_Children: []
  m_Father: {fileID: 494206}
  m_RootOrder: 1
--- !u!4 &471932
Transform:
  m_ObjectHideFlags: 1
  m_PrefabParentObject: {fileID: 0}
  m_PrefabInternal: {fileID: 100100000}
  m_GameObject: {fileID: 124850}
  m_LocalRotation: {x: 0, y: 0, z: 0, w: 1}
  m_LocalPosition: {x: 0, y: 0, z: 0}
  m_LocalScale: {x: 1, y: 1, z: 1}
  m_LocalEulerAnglesHint: {x: 179.999, y: 179.999, z: 179.999}
  m_Children: []
  m_Father: {fileID: 466198}
  m_RootOrder: 1
--- !u!4 &473010
Transform:
  m_ObjectHideFlags: 1
  m_PrefabParentObject: {fileID: 0}
  m_PrefabInternal: {fileID: 100100000}
  m_GameObject: {fileID: 135870}
  m_LocalRotation: {x: 0, y: 0, z: 0, w: 1}
  m_LocalPosition: {x: 0, y: 0, z: 0}
  m_LocalScale: {x: 1, y: 1, z: 1}
  m_LocalEulerAnglesHint: {x: 0, y: 0, z: 0}
  m_Children:
  - {fileID: 462714}
  m_Father: {fileID: 446394}
  m_RootOrder: 0
--- !u!4 &474046
Transform:
  m_ObjectHideFlags: 1
  m_PrefabParentObject: {fileID: 0}
  m_PrefabInternal: {fileID: 100100000}
  m_GameObject: {fileID: 145230}
  m_LocalRotation: {x: 0, y: 0, z: 0, w: 1}
  m_LocalPosition: {x: 0, y: 0, z: 0}
  m_LocalScale: {x: 1, y: 1, z: 1}
  m_LocalEulerAnglesHint: {x: 0, y: 0, z: 0}
  m_Children: []
  m_Father: {fileID: 496658}
  m_RootOrder: 0
--- !u!4 &474314
Transform:
  m_ObjectHideFlags: 1
  m_PrefabParentObject: {fileID: 0}
  m_PrefabInternal: {fileID: 100100000}
  m_GameObject: {fileID: 101518}
  m_LocalRotation: {x: 0, y: 0, z: 0, w: 1}
  m_LocalPosition: {x: 0, y: 0, z: 0}
  m_LocalScale: {x: 1, y: 1, z: 1}
  m_LocalEulerAnglesHint: {x: 0, y: 0, z: 0}
  m_Children:
  - {fileID: 460728}
  - {fileID: 466198}
  m_Father: {fileID: 416574}
  m_RootOrder: 0
--- !u!4 &478604
Transform:
  m_ObjectHideFlags: 1
  m_PrefabParentObject: {fileID: 0}
  m_PrefabInternal: {fileID: 100100000}
  m_GameObject: {fileID: 163344}
  m_LocalRotation: {x: 0, y: 0, z: 0, w: 1}
  m_LocalPosition: {x: 0, y: 0, z: 0}
  m_LocalScale: {x: 1, y: 1, z: 1}
  m_LocalEulerAnglesHint: {x: 179.999, y: 179.999, z: 179.999}
  m_Children: []
  m_Father: {fileID: 466198}
  m_RootOrder: 0
--- !u!4 &482800
Transform:
  m_ObjectHideFlags: 1
  m_PrefabParentObject: {fileID: 0}
  m_PrefabInternal: {fileID: 100100000}
  m_GameObject: {fileID: 135148}
  m_LocalRotation: {x: 0, y: 0, z: 0, w: 1}
  m_LocalPosition: {x: 0, y: 0, z: 0}
  m_LocalScale: {x: 1, y: 1, z: 1}
  m_LocalEulerAnglesHint: {x: 0, y: 0, z: 0}
  m_Children:
  - {fileID: 491928}
  m_Father: {fileID: 0}
  m_RootOrder: 0
--- !u!4 &483874
Transform:
  m_ObjectHideFlags: 1
  m_PrefabParentObject: {fileID: 0}
  m_PrefabInternal: {fileID: 100100000}
  m_GameObject: {fileID: 132396}
  m_LocalRotation: {x: 0, y: 0, z: 0, w: 1}
  m_LocalPosition: {x: 0, y: 0, z: 0}
  m_LocalScale: {x: 1, y: 1, z: 1}
  m_LocalEulerAnglesHint: {x: 0, y: 0, z: 0}
  m_Children: []
  m_Father: {fileID: 430670}
  m_RootOrder: 0
--- !u!4 &491928
Transform:
  m_ObjectHideFlags: 1
  m_PrefabParentObject: {fileID: 0}
  m_PrefabInternal: {fileID: 100100000}
  m_GameObject: {fileID: 177668}
  m_LocalRotation: {x: 0, y: 0, z: 0, w: 1}
  m_LocalPosition: {x: 0, y: 0, z: 0}
  m_LocalScale: {x: 1, y: 1, z: 1}
  m_LocalEulerAnglesHint: {x: 0, y: 0, z: 0}
  m_Children:
  - {fileID: 432470}
  - {fileID: 415376}
  - {fileID: 416574}
  m_Father: {fileID: 482800}
  m_RootOrder: 0
--- !u!4 &494206
Transform:
  m_ObjectHideFlags: 1
  m_PrefabParentObject: {fileID: 0}
  m_PrefabInternal: {fileID: 100100000}
  m_GameObject: {fileID: 180894}
  m_LocalRotation: {x: 0, y: 0, z: 0, w: 1}
  m_LocalPosition: {x: 0, y: 0, z: 0}
  m_LocalScale: {x: 1, y: 1, z: 1}
  m_LocalEulerAnglesHint: {x: 0, y: 0, z: 0}
  m_Children:
  - {fileID: 438874}
  - {fileID: 467106}
  m_Father: {fileID: 416332}
  m_RootOrder: 1
--- !u!4 &496658
Transform:
  m_ObjectHideFlags: 1
  m_PrefabParentObject: {fileID: 0}
  m_PrefabInternal: {fileID: 100100000}
  m_GameObject: {fileID: 112180}
  m_LocalRotation: {x: 0, y: 0, z: 0, w: 1}
  m_LocalPosition: {x: 0, y: 0, z: 0}
  m_LocalScale: {x: 1, y: 1, z: 1}
  m_LocalEulerAnglesHint: {x: 0, y: 0, z: 0}
  m_Children:
  - {fileID: 474046}
  - {fileID: 430170}
  m_Father: {fileID: 416332}
  m_RootOrder: 2
--- !u!4 &497804
Transform:
  m_ObjectHideFlags: 1
  m_PrefabParentObject: {fileID: 0}
  m_PrefabInternal: {fileID: 100100000}
  m_GameObject: {fileID: 179544}
  m_LocalRotation: {x: 0, y: 0, z: 0, w: 1}
  m_LocalPosition: {x: 0, y: 0, z: 0}
  m_LocalScale: {x: 1, y: 1, z: 1}
  m_LocalEulerAnglesHint: {x: 0, y: 0, z: 0}
  m_Children: []
  m_Father: {fileID: 407170}
  m_RootOrder: 0
--- !u!114 &11407024
MonoBehaviour:
  m_ObjectHideFlags: 1
  m_PrefabParentObject: {fileID: 0}
  m_PrefabInternal: {fileID: 100100000}
  m_GameObject: {fileID: 112356}
  m_Enabled: 1
  m_EditorHideFlags: 0
  m_Script: {fileID: 11500000, guid: 868ccc3db58364b6aa96d960ce8dc94a, type: 3}
  m_Name: 
  m_EditorClassIdentifier: 
  _id: 0
  _container: {fileID: 11462660}
  _owner: {fileID: 482800}
  _ownerPath: /Heroes 2 AfterBattle Sequence
  _tracks:
  - {fileID: 11412668}
  - {fileID: 11493020}
  - {fileID: 11428912}
--- !u!114 &11412668
MonoBehaviour:
  m_ObjectHideFlags: 1
  m_PrefabParentObject: {fileID: 0}
  m_PrefabInternal: {fileID: 100100000}
  m_GameObject: {fileID: 136092}
  m_Enabled: 1
  m_EditorHideFlags: 0
  m_Script: {fileID: 11500000, guid: 92af80c84f4b742648b77bcdc7a5f26c, type: 3}
  m_Name: 
  m_EditorClassIdentifier: 
  _id: 0
  _timeline: {fileID: 11407024}
  _evtTypeStr: Flux.StartDialogue
  _events:
  - {fileID: 11479868}
  _alwaysUseCache: 0
  _cacheMode: 0
--- !u!114 &11412828
MonoBehaviour:
  m_ObjectHideFlags: 1
  m_PrefabParentObject: {fileID: 0}
  m_PrefabInternal: {fileID: 100100000}
  m_GameObject: {fileID: 120746}
  m_Enabled: 1
  m_EditorHideFlags: 0
  m_Script: {fileID: 11500000, guid: 16f96bf32632d22459d0ac81b90e9562, type: 3}
  m_Name: 
  m_EditorClassIdentifier: 
  _id: 0
  _track: {fileID: 11437754}
  _triggerOnSkip: 1
  _frameRange:
    _start: 34
    _end: 45
  AnimationName: StandUp
  layer: -1
  RandomStart: 0
  Crossfade: 1
  CrossFadeTime: 0.1
--- !u!114 &11417488
MonoBehaviour:
  m_ObjectHideFlags: 1
  m_PrefabParentObject: {fileID: 0}
  m_PrefabInternal: {fileID: 100100000}
  m_GameObject: {fileID: 163344}
  m_Enabled: 1
  m_EditorHideFlags: 0
  m_Script: {fileID: 11500000, guid: d19067f202ab68e4f93e5142c6f1aee0, type: 3}
  m_Name: 
  m_EditorClassIdentifier: 
  _id: 0
  _track: {fileID: 11455268}
  _triggerOnSkip: 0
  _frameRange:
    _start: 70
    _end: 81
  TargetID: LookLeft
  LookAtTimeRange: 1
--- !u!114 &11418156
MonoBehaviour:
  m_ObjectHideFlags: 1
  m_PrefabParentObject: {fileID: 0}
  m_PrefabInternal: {fileID: 100100000}
  m_GameObject: {fileID: 109714}
  m_Enabled: 1
  m_EditorHideFlags: 0
  m_Script: {fileID: 11500000, guid: 868ccc3db58364b6aa96d960ce8dc94a, type: 3}
  m_Name: 
  m_EditorClassIdentifier: 
  _id: 2
  _container: {fileID: 11440732}
  _owner: {fileID: 0}
  _ownerPath: /Heroes 2 AfterBattle/Finn
  _tracks:
  - {fileID: 11474576}
--- !u!114 &11420266
MonoBehaviour:
  m_ObjectHideFlags: 1
  m_PrefabParentObject: {fileID: 0}
  m_PrefabInternal: {fileID: 100100000}
  m_GameObject: {fileID: 124850}
  m_Enabled: 1
  m_EditorHideFlags: 0
  m_Script: {fileID: 11500000, guid: d19067f202ab68e4f93e5142c6f1aee0, type: 3}
  m_Name: 
  m_EditorClassIdentifier: 
  _id: 1
  _track: {fileID: 11455268}
  _triggerOnSkip: 0
  _frameRange:
    _start: 156
    _end: 164
  TargetID: LookRight
  LookAtTimeRange: 1
--- !u!114 &11423118
MonoBehaviour:
  m_ObjectHideFlags: 1
  m_PrefabParentObject: {fileID: 0}
  m_PrefabInternal: {fileID: 100100000}
  m_GameObject: {fileID: 115612}
  m_Enabled: 1
  m_EditorHideFlags: 0
  m_Script: {fileID: 11500000, guid: 92af80c84f4b742648b77bcdc7a5f26c, type: 3}
  m_Name: 
  m_EditorClassIdentifier: 
  _id: 1
  _timeline: {fileID: 11450600}
  _evtTypeStr: Flux.FluxLookByID
  _events:
  - {fileID: 11485082}
  - {fileID: 11487682}
  _alwaysUseCache: 0
  _cacheMode: 0
--- !u!114 &11424012
MonoBehaviour:
  m_ObjectHideFlags: 1
  m_PrefabParentObject: {fileID: 0}
  m_PrefabInternal: {fileID: 100100000}
  m_GameObject: {fileID: 179544}
  m_Enabled: 1
  m_EditorHideFlags: 0
  m_Script: {fileID: 11500000, guid: 4feb263abf4ec4393958694a519f6d87, type: 3}
  m_Name: 
  m_EditorClassIdentifier: 
  _id: 0
  _track: {fileID: 11474576}
  _triggerOnSkip: 1
  _frameRange:
    _start: 196
    _end: 210
  _callOnlyOnTrigger: 1
  _className: ApplyNewPosition
  _methodName: FireEvent
--- !u!114 &11424284
MonoBehaviour:
  m_ObjectHideFlags: 1
  m_PrefabParentObject: {fileID: 0}
  m_PrefabInternal: {fileID: 100100000}
  m_GameObject: {fileID: 142916}
  m_Enabled: 1
  m_EditorHideFlags: 0
  m_Script: {fileID: 11500000, guid: 8f0f3e7ec82fc3346af9b71c283f8cf1, type: 3}
  m_Name: 
  m_EditorClassIdentifier: 
  _id: 0
  _track: {fileID: 11493020}
  _triggerOnSkip: 0
  _frameRange:
    _start: 60
    _end: 68
  PauseSequence: 1
--- !u!114 &11424558
MonoBehaviour:
  m_ObjectHideFlags: 1
  m_PrefabParentObject: {fileID: 0}
  m_PrefabInternal: {fileID: 100100000}
  m_GameObject: {fileID: 135148}
  m_Enabled: 1
  m_EditorHideFlags: 0
  m_Script: {fileID: 11500000, guid: a4a49686e8bd9434b904f7d963b0fbb5, type: 3}
  m_Name: 
  m_EditorClassIdentifier: 
--- !u!114 &11428912
MonoBehaviour:
  m_ObjectHideFlags: 1
  m_PrefabParentObject: {fileID: 0}
  m_PrefabInternal: {fileID: 100100000}
  m_GameObject: {fileID: 112180}
  m_Enabled: 1
  m_EditorHideFlags: 0
  m_Script: {fileID: 11500000, guid: 92af80c84f4b742648b77bcdc7a5f26c, type: 3}
  m_Name: 
  m_EditorClassIdentifier: 
  _id: 2
  _timeline: {fileID: 11407024}
  _evtTypeStr: Flux.FCallFunctionEvent
  _events:
  - {fileID: 11437340}
  - {fileID: 11468504}
  _alwaysUseCache: 0
  _cacheMode: 0
--- !u!114 &11429596
MonoBehaviour:
  m_ObjectHideFlags: 1
  m_PrefabParentObject: {fileID: 0}
  m_PrefabInternal: {fileID: 100100000}
  m_GameObject: {fileID: 135148}
  m_Enabled: 1
  m_EditorHideFlags: 0
  m_Script: {fileID: 11500000, guid: 61ea4d84209604c6785a01ab2786d0f9, type: 3}
  m_Name: 
  m_EditorClassIdentifier: 
  _id: -1
  _content: {fileID: 491928}
  _containers:
  - {fileID: 11462660}
  - {fileID: 11463392}
  - {fileID: 11440732}
  _version: 200
  _playOnStart: 0
  _loop: 0
  _defaultSpeed: 1
  _updateMode: 0
  _length: 240
  _onFinishedCallback:
    m_PersistentCalls:
      m_Calls: []
    m_TypeName: Flux.SequenceFinishedEvent, Assembly-CSharp, Version=0.0.0.0, Culture=neutral,
      PublicKeyToken=null
  _frameRate: 60
  _inverseFrameRate: 0.016666668
--- !u!114 &11430696
MonoBehaviour:
  m_ObjectHideFlags: 1
  m_PrefabParentObject: {fileID: 0}
  m_PrefabInternal: {fileID: 100100000}
  m_GameObject: {fileID: 135148}
  m_Enabled: 1
  m_EditorHideFlags: 0
  m_Script: {fileID: 11500000, guid: 94ffb19d901ebc1489b3883d4634dc07, type: 3}
  m_Name: 
  m_EditorClassIdentifier: 
  TransData:
    AfterFinishedGoTo: 0
    SequenceName: 
    BattleId: 0
    mustLose: 0
    TutorialToPlay: 
    WarId: 0
    SceneName: 
    WorldCutscene: {fileID: 0}
    WorldDialogName: 
    WorldDestination: 
--- !u!114 &11437340
MonoBehaviour:
  m_ObjectHideFlags: 1
  m_PrefabParentObject: {fileID: 0}
  m_PrefabInternal: {fileID: 100100000}
  m_GameObject: {fileID: 145230}
  m_Enabled: 1
  m_EditorHideFlags: 0
  m_Script: {fileID: 11500000, guid: 4feb263abf4ec4393958694a519f6d87, type: 3}
  m_Name: 
  m_EditorClassIdentifier: 
  _id: 0
  _track: {fileID: 11428912}
  _triggerOnSkip: 1
  _frameRange:
    _start: 211
    _end: 224
  _callOnlyOnTrigger: 1
  _className: EndCinematicsFlux
  _methodName: FireEvent
--- !u!114 &11437754
MonoBehaviour:
  m_ObjectHideFlags: 1
  m_PrefabParentObject: {fileID: 0}
  m_PrefabInternal: {fileID: 100100000}
  m_GameObject: {fileID: 151200}
  m_Enabled: 1
  m_EditorHideFlags: 0
  m_Script: {fileID: 11500000, guid: 92af80c84f4b742648b77bcdc7a5f26c, type: 3}
  m_Name: 
  m_EditorClassIdentifier: 
  _id: 0
  _timeline: {fileID: 11460462}
  _evtTypeStr: Flux.PlayAnimation
  _events:
  - {fileID: 11412828}
  _alwaysUseCache: 0
  _cacheMode: 0
--- !u!114 &11440732
MonoBehaviour:
  m_ObjectHideFlags: 1
  m_PrefabParentObject: {fileID: 0}
  m_PrefabInternal: {fileID: 100100000}
  m_GameObject: {fileID: 172194}
  m_Enabled: 1
  m_EditorHideFlags: 0
  m_Script: {fileID: 11500000, guid: 6c190ac7427b84f9dba9f95b04e8af4a, type: 3}
  m_Name: 
  m_EditorClassIdentifier: 
  _id: 2
  _sequence: {fileID: 11429596}
  _color: {r: 0.14, g: 0.14, b: 0.14, a: 0.7}
  _timelines:
  - {fileID: 11460462}
  - {fileID: 11450600}
  - {fileID: 11418156}
--- !u!114 &11450600
MonoBehaviour:
  m_ObjectHideFlags: 1
  m_PrefabParentObject: {fileID: 0}
  m_PrefabInternal: {fileID: 100100000}
  m_GameObject: {fileID: 127970}
  m_Enabled: 1
  m_EditorHideFlags: 0
  m_Script: {fileID: 11500000, guid: 868ccc3db58364b6aa96d960ce8dc94a, type: 3}
  m_Name: 
  m_EditorClassIdentifier: 
  _id: 1
  _container: {fileID: 11440732}
  _owner: {fileID: 0}
  _ownerPath: /Heroes 2 AfterBattle/Kael
  _tracks:
  - {fileID: 11495434}
  - {fileID: 11423118}
--- !u!114 &11455268
MonoBehaviour:
  m_ObjectHideFlags: 1
  m_PrefabParentObject: {fileID: 0}
  m_PrefabInternal: {fileID: 100100000}
  m_GameObject: {fileID: 116376}
  m_Enabled: 1
  m_EditorHideFlags: 0
  m_Script: {fileID: 11500000, guid: 92af80c84f4b742648b77bcdc7a5f26c, type: 3}
  m_Name: 
  m_EditorClassIdentifier: 
  _id: 1
  _timeline: {fileID: 11460462}
  _evtTypeStr: Flux.FluxLookByID
  _events:
  - {fileID: 11417488}
  - {fileID: 11420266}
  _alwaysUseCache: 0
  _cacheMode: 0
--- !u!114 &11460462
MonoBehaviour:
  m_ObjectHideFlags: 1
  m_PrefabParentObject: {fileID: 0}
  m_PrefabInternal: {fileID: 100100000}
  m_GameObject: {fileID: 101518}
  m_Enabled: 1
  m_EditorHideFlags: 0
  m_Script: {fileID: 11500000, guid: 868ccc3db58364b6aa96d960ce8dc94a, type: 3}
  m_Name: 
  m_EditorClassIdentifier: 
  _id: 0
  _container: {fileID: 11440732}
  _owner: {fileID: 0}
  _ownerPath: /Heroes 2 AfterBattle/Aria
  _tracks:
  - {fileID: 11437754}
  - {fileID: 11455268}
--- !u!114 &11462484
MonoBehaviour:
  m_ObjectHideFlags: 1
  m_PrefabParentObject: {fileID: 0}
  m_PrefabInternal: {fileID: 100100000}
  m_GameObject: {fileID: 126270}
  m_Enabled: 1
  m_EditorHideFlags: 0
  m_Script: {fileID: 11500000, guid: 16f96bf32632d22459d0ac81b90e9562, type: 3}
  m_Name: 
  m_EditorClassIdentifier: 
  _id: 0
  _track: {fileID: 11495434}
  _triggerOnSkip: 1
  _frameRange:
    _start: 35
    _end: 46
  AnimationName: StandUp
  layer: -1
  RandomStart: 0
  Crossfade: 1
  CrossFadeTime: 0.1
--- !u!114 &11462660
MonoBehaviour:
  m_ObjectHideFlags: 1
  m_PrefabParentObject: {fileID: 0}
  m_PrefabInternal: {fileID: 100100000}
  m_GameObject: {fileID: 134518}
  m_Enabled: 1
  m_EditorHideFlags: 0
  m_Script: {fileID: 11500000, guid: 6c190ac7427b84f9dba9f95b04e8af4a, type: 3}
  m_Name: 
  m_EditorClassIdentifier: 
  _id: 0
  _sequence: {fileID: 11429596}
  _color: {r: 0.14, g: 0.14, b: 0.14, a: 0.7}
  _timelines:
  - {fileID: 11407024}
--- !u!114 &11463392
MonoBehaviour:
  m_ObjectHideFlags: 1
  m_PrefabParentObject: {fileID: 0}
  m_PrefabInternal: {fileID: 100100000}
  m_GameObject: {fileID: 129368}
  m_Enabled: 1
  m_EditorHideFlags: 0
  m_Script: {fileID: 11500000, guid: 6c190ac7427b84f9dba9f95b04e8af4a, type: 3}
  m_Name: 
  m_EditorClassIdentifier: 
  _id: 1
  _sequence: {fileID: 11429596}
  _color: {r: 0.14, g: 0.14, b: 0.14, a: 0.7}
  _timelines: []
--- !u!114 &11468504
MonoBehaviour:
  m_ObjectHideFlags: 1
  m_PrefabParentObject: {fileID: 0}
  m_PrefabInternal: {fileID: 100100000}
  m_GameObject: {fileID: 130382}
  m_Enabled: 1
  m_EditorHideFlags: 0
  m_Script: {fileID: 11500000, guid: 4feb263abf4ec4393958694a519f6d87, type: 3}
  m_Name: 
  m_EditorClassIdentifier: 
  _id: 1
  _track: {fileID: 11428912}
  _triggerOnSkip: 1
  _frameRange:
    _start: 228
    _end: 240
  _callOnlyOnTrigger: 1
  _className: DestroySequenceFlux
  _methodName: FireEvent
--- !u!114 &11469402
MonoBehaviour:
  m_ObjectHideFlags: 1
  m_PrefabParentObject: {fileID: 0}
  m_PrefabInternal: {fileID: 100100000}
  m_GameObject: {fileID: 172770}
  m_Enabled: 1
  m_EditorHideFlags: 0
  m_Script: {fileID: 11500000, guid: 8f0f3e7ec82fc3346af9b71c283f8cf1, type: 3}
  m_Name: 
  m_EditorClassIdentifier: 
  _id: 1
  _track: {fileID: 11493020}
  _triggerOnSkip: 0
  _frameRange:
    _start: 179
    _end: 189
  PauseSequence: 1
--- !u!114 &11474576
MonoBehaviour:
  m_ObjectHideFlags: 1
  m_PrefabParentObject: {fileID: 0}
  m_PrefabInternal: {fileID: 100100000}
  m_GameObject: {fileID: 157444}
  m_Enabled: 1
  m_EditorHideFlags: 0
  m_Script: {fileID: 11500000, guid: 92af80c84f4b742648b77bcdc7a5f26c, type: 3}
  m_Name: 
  m_EditorClassIdentifier: 
  _id: 0
  _timeline: {fileID: 11418156}
  _evtTypeStr: Flux.FCallFunctionEvent
  _events:
  - {fileID: 11424012}
  _alwaysUseCache: 0
  _cacheMode: 0
--- !u!114 &11479868
MonoBehaviour:
  m_ObjectHideFlags: 1
  m_PrefabParentObject: {fileID: 0}
  m_PrefabInternal: {fileID: 100100000}
  m_GameObject: {fileID: 138658}
  m_Enabled: 1
  m_EditorHideFlags: 0
  m_Script: {fileID: 11500000, guid: 9703e949f83f796449ad9ed10f1efded, type: 3}
  m_Name: 
  m_EditorClassIdentifier: 
  _id: 0
  _track: {fileID: 11412668}
  _triggerOnSkip: 1
  _frameRange:
    _start: 15
    _end: 32
  DialogueName: CH5_Heroes_2_AfterBattle
  PauseSequence: 1
--- !u!114 &11485082
MonoBehaviour:
  m_ObjectHideFlags: 1
  m_PrefabParentObject: {fileID: 0}
  m_PrefabInternal: {fileID: 100100000}
  m_GameObject: {fileID: 132396}
  m_Enabled: 1
  m_EditorHideFlags: 0
  m_Script: {fileID: 11500000, guid: d19067f202ab68e4f93e5142c6f1aee0, type: 3}
  m_Name: 
  m_EditorClassIdentifier: 
  _id: 0
  _track: {fileID: 11423118}
  _triggerOnSkip: 0
  _frameRange:
    _start: 70
    _end: 81
  TargetID: LookRight
  LookAtTimeRange: 1
--- !u!114 &11487682
MonoBehaviour:
  m_ObjectHideFlags: 1
  m_PrefabParentObject: {fileID: 0}
  m_PrefabInternal: {fileID: 100100000}
  m_GameObject: {fileID: 150846}
  m_Enabled: 1
  m_EditorHideFlags: 0
  m_Script: {fileID: 11500000, guid: d19067f202ab68e4f93e5142c6f1aee0, type: 3}
  m_Name: 
  m_EditorClassIdentifier: 
  _id: 1
  _track: {fileID: 11423118}
  _triggerOnSkip: 0
  _frameRange:
    _start: 156
    _end: 164
  TargetID: LookLeft
  LookAtTimeRange: 1
--- !u!114 &11493020
MonoBehaviour:
  m_ObjectHideFlags: 1
  m_PrefabParentObject: {fileID: 0}
  m_PrefabInternal: {fileID: 100100000}
  m_GameObject: {fileID: 180894}
  m_Enabled: 1
  m_EditorHideFlags: 0
  m_Script: {fileID: 11500000, guid: 92af80c84f4b742648b77bcdc7a5f26c, type: 3}
  m_Name: 
  m_EditorClassIdentifier: 
  _id: 1
  _timeline: {fileID: 11407024}
  _evtTypeStr: Flux.ResumeSequenceDialogue
  _events:
  - {fileID: 11424284}
  - {fileID: 11469402}
  _alwaysUseCache: 0
  _cacheMode: 0
--- !u!114 &11495434
MonoBehaviour:
  m_ObjectHideFlags: 1
  m_PrefabParentObject: {fileID: 0}
  m_PrefabInternal: {fileID: 100100000}
  m_GameObject: {fileID: 135870}
  m_Enabled: 1
  m_EditorHideFlags: 0
  m_Script: {fileID: 11500000, guid: 92af80c84f4b742648b77bcdc7a5f26c, type: 3}
  m_Name: 
  m_EditorClassIdentifier: 
  _id: 0
  _timeline: {fileID: 11450600}
  _evtTypeStr: Flux.PlayAnimation
  _events:
  - {fileID: 11462484}
  _alwaysUseCache: 0
  _cacheMode: 0
--- !u!1001 &100100000
Prefab:
  m_ObjectHideFlags: 1
  serializedVersion: 2
  m_Modification:
    m_TransformParent: {fileID: 0}
    m_Modifications: []
    m_RemovedComponents: []
  m_ParentPrefab: {fileID: 0}
  m_RootGameObject: {fileID: 135148}
  m_IsPrefabParent: 1
