%YAML 1.1
%TAG !u! tag:unity3d.com,2011:
--- !u!1 &100378
GameObject:
  m_ObjectHideFlags: 1
  m_PrefabParentObject: {fileID: 0}
  m_PrefabInternal: {fileID: 100100000}
  serializedVersion: 4
  m_Component:
  - 4: {fileID: 488638}
  m_Layer: 0
  m_Name: Bip001 Xtra0506
  m_TagString: Untagged
  m_Icon: {fileID: 0}
  m_NavMeshLayer: 0
  m_StaticEditorFlags: 0
  m_IsActive: 1
--- !u!1 &100566
GameObject:
  m_ObjectHideFlags: 1
  m_PrefabParentObject: {fileID: 0}
  m_PrefabInternal: {fileID: 100100000}
  serializedVersion: 4
  m_Component:
  - 4: {fileID: 408668}
  m_Layer: 0
  m_Name: Bip001 R Finger0
  m_TagString: Untagged
  m_Icon: {fileID: 0}
  m_NavMeshLayer: 0
  m_StaticEditorFlags: 0
  m_IsActive: 1
--- !u!1 &103206
GameObject:
  m_ObjectHideFlags: 1
  m_PrefabParentObject: {fileID: 0}
  m_PrefabInternal: {fileID: 100100000}
  serializedVersion: 4
  m_Component:
  - 4: {fileID: 444602}
  m_Layer: 0
  m_Name: Bip001 L Finger31
  m_TagString: Untagged
  m_Icon: {fileID: 0}
  m_NavMeshLayer: 0
  m_StaticEditorFlags: 0
  m_IsActive: 1
--- !u!1 &104324
GameObject:
  m_ObjectHideFlags: 1
  m_PrefabParentObject: {fileID: 0}
  m_PrefabInternal: {fileID: 100100000}
  serializedVersion: 4
  m_Component:
  - 4: {fileID: 416610}
  m_Layer: 0
  m_Name: Bip001 L Finger2
  m_TagString: Untagged
  m_Icon: {fileID: 0}
  m_NavMeshLayer: 0
  m_StaticEditorFlags: 0
  m_IsActive: 1
--- !u!1 &104414
GameObject:
  m_ObjectHideFlags: 1
  m_PrefabParentObject: {fileID: 0}
  m_PrefabInternal: {fileID: 100100000}
  serializedVersion: 4
  m_Component:
  - 4: {fileID: 473892}
  m_Layer: 0
  m_Name: Bip001 L Forearm
  m_TagString: Untagged
  m_Icon: {fileID: 0}
  m_NavMeshLayer: 0
  m_StaticEditorFlags: 0
  m_IsActive: 1
--- !u!1 &105992
GameObject:
  m_ObjectHideFlags: 1
  m_PrefabParentObject: {fileID: 0}
  m_PrefabInternal: {fileID: 100100000}
  serializedVersion: 4
  m_Component:
  - 4: {fileID: 420200}
  m_Layer: 0
  m_Name: Bip001 Xtra01
  m_TagString: Untagged
  m_Icon: {fileID: 0}
  m_NavMeshLayer: 0
  m_StaticEditorFlags: 0
  m_IsActive: 1
--- !u!1 &107558
GameObject:
  m_ObjectHideFlags: 1
  m_PrefabParentObject: {fileID: 0}
  m_PrefabInternal: {fileID: 100100000}
  serializedVersion: 4
  m_Component:
  - 4: {fileID: 485332}
  m_Layer: 0
  m_Name: Bip001 L UpperArm
  m_TagString: Untagged
  m_Icon: {fileID: 0}
  m_NavMeshLayer: 0
  m_StaticEditorFlags: 0
  m_IsActive: 1
--- !u!1 &111680
GameObject:
  m_ObjectHideFlags: 1
  m_PrefabParentObject: {fileID: 0}
  m_PrefabInternal: {fileID: 100100000}
  serializedVersion: 4
  m_Component:
  - 4: {fileID: 492484}
  m_Layer: 0
  m_Name: Bip001 Spine1
  m_TagString: Untagged
  m_Icon: {fileID: 0}
  m_NavMeshLayer: 0
  m_StaticEditorFlags: 0
  m_IsActive: 1
--- !u!1 &112540
GameObject:
  m_ObjectHideFlags: 1
  m_PrefabParentObject: {fileID: 0}
  m_PrefabInternal: {fileID: 100100000}
  serializedVersion: 4
  m_Component:
  - 4: {fileID: 437012}
  m_Layer: 0
  m_Name: Bip001 R Finger2
  m_TagString: Untagged
  m_Icon: {fileID: 0}
  m_NavMeshLayer: 0
  m_StaticEditorFlags: 0
  m_IsActive: 1
--- !u!1 &112894
GameObject:
  m_ObjectHideFlags: 1
  m_PrefabParentObject: {fileID: 0}
  m_PrefabInternal: {fileID: 100100000}
  serializedVersion: 4
  m_Component:
  - 4: {fileID: 497448}
  m_Layer: 0
  m_Name: Bip001 L Clavicle
  m_TagString: Untagged
  m_Icon: {fileID: 0}
  m_NavMeshLayer: 0
  m_StaticEditorFlags: 0
  m_IsActive: 1
--- !u!1 &113528
GameObject:
  m_ObjectHideFlags: 1
  m_PrefabParentObject: {fileID: 0}
  m_PrefabInternal: {fileID: 100100000}
  serializedVersion: 4
  m_Component:
  - 4: {fileID: 492688}
  m_Layer: 0
  m_Name: Bip001 Xtra05
  m_TagString: Untagged
  m_Icon: {fileID: 0}
  m_NavMeshLayer: 0
  m_StaticEditorFlags: 0
  m_IsActive: 1
--- !u!1 &115102
GameObject:
  m_ObjectHideFlags: 1
  m_PrefabParentObject: {fileID: 0}
  m_PrefabInternal: {fileID: 100100000}
  serializedVersion: 4
  m_Component:
  - 4: {fileID: 418786}
  m_Layer: 0
  m_Name: Bip001 Xtra0505
  m_TagString: Untagged
  m_Icon: {fileID: 0}
  m_NavMeshLayer: 0
  m_StaticEditorFlags: 0
  m_IsActive: 1
--- !u!1 &116972
GameObject:
  m_ObjectHideFlags: 1
  m_PrefabParentObject: {fileID: 0}
  m_PrefabInternal: {fileID: 100100000}
  serializedVersion: 4
  m_Component:
  - 4: {fileID: 416072}
  m_Layer: 0
  m_Name: Bip001 Xtra0508
  m_TagString: Untagged
  m_Icon: {fileID: 0}
  m_NavMeshLayer: 0
  m_StaticEditorFlags: 0
  m_IsActive: 1
--- !u!1 &117976
GameObject:
  m_ObjectHideFlags: 1
  m_PrefabParentObject: {fileID: 0}
  m_PrefabInternal: {fileID: 100100000}
  serializedVersion: 4
  m_Component:
  - 4: {fileID: 465364}
  m_Layer: 0
  m_Name: Bip001 R ForeTwist2
  m_TagString: Untagged
  m_Icon: {fileID: 0}
  m_NavMeshLayer: 0
  m_StaticEditorFlags: 0
  m_IsActive: 1
--- !u!1 &118760
GameObject:
  m_ObjectHideFlags: 1
  m_PrefabParentObject: {fileID: 0}
  m_PrefabInternal: {fileID: 100100000}
  serializedVersion: 4
  m_Component:
  - 4: {fileID: 443566}
  m_Layer: 0
  m_Name: Bip001 L Finger22
  m_TagString: Untagged
  m_Icon: {fileID: 0}
  m_NavMeshLayer: 0
  m_StaticEditorFlags: 0
  m_IsActive: 1
--- !u!1 &118866
GameObject:
  m_ObjectHideFlags: 1
  m_PrefabParentObject: {fileID: 0}
  m_PrefabInternal: {fileID: 100100000}
  serializedVersion: 4
  m_Component:
  - 4: {fileID: 491170}
  m_Layer: 0
  m_Name: Bip001 R Thigh
  m_TagString: Untagged
  m_Icon: {fileID: 0}
  m_NavMeshLayer: 0
  m_StaticEditorFlags: 0
  m_IsActive: 1
--- !u!1 &121850
GameObject:
  m_ObjectHideFlags: 1
  m_PrefabParentObject: {fileID: 0}
  m_PrefabInternal: {fileID: 100100000}
  serializedVersion: 4
  m_Component:
  - 4: {fileID: 468442}
  m_Layer: 0
  m_Name: Bip001 R Clavicle
  m_TagString: Untagged
  m_Icon: {fileID: 0}
  m_NavMeshLayer: 0
  m_StaticEditorFlags: 0
  m_IsActive: 1
--- !u!1 &124642
GameObject:
  m_ObjectHideFlags: 1
  m_PrefabParentObject: {fileID: 0}
  m_PrefabInternal: {fileID: 100100000}
  serializedVersion: 4
  m_Component:
  - 4: {fileID: 453658}
  m_Layer: 0
  m_Name: Bip001 Neck
  m_TagString: Untagged
  m_Icon: {fileID: 0}
  m_NavMeshLayer: 0
  m_StaticEditorFlags: 0
  m_IsActive: 1
--- !u!1 &125708
GameObject:
  m_ObjectHideFlags: 1
  m_PrefabParentObject: {fileID: 0}
  m_PrefabInternal: {fileID: 100100000}
  serializedVersion: 4
  m_Component:
  - 4: {fileID: 489260}
  m_Layer: 0
  m_Name: Bip001 Xtra0504
  m_TagString: Untagged
  m_Icon: {fileID: 0}
  m_NavMeshLayer: 0
  m_StaticEditorFlags: 0
  m_IsActive: 1
--- !u!1 &126898
GameObject:
  m_ObjectHideFlags: 1
  m_PrefabParentObject: {fileID: 0}
  m_PrefabInternal: {fileID: 100100000}
  serializedVersion: 4
  m_Component:
  - 4: {fileID: 401886}
  m_Layer: 0
  m_Name: Bip001 Xtra0602
  m_TagString: Untagged
  m_Icon: {fileID: 0}
  m_NavMeshLayer: 0
  m_StaticEditorFlags: 0
  m_IsActive: 1
--- !u!1 &128574
GameObject:
  m_ObjectHideFlags: 1
  m_PrefabParentObject: {fileID: 0}
  m_PrefabInternal: {fileID: 100100000}
  serializedVersion: 4
  m_Component:
  - 4: {fileID: 422332}
  m_Layer: 0
  m_Name: Bip001 L Finger21
  m_TagString: Untagged
  m_Icon: {fileID: 0}
  m_NavMeshLayer: 0
  m_StaticEditorFlags: 0
  m_IsActive: 1
--- !u!1 &128840
GameObject:
  m_ObjectHideFlags: 1
  m_PrefabParentObject: {fileID: 0}
  m_PrefabInternal: {fileID: 100100000}
  serializedVersion: 4
  m_Component:
  - 4: {fileID: 478388}
  m_Layer: 0
  m_Name: Bip001 Xtra0502
  m_TagString: Untagged
  m_Icon: {fileID: 0}
  m_NavMeshLayer: 0
  m_StaticEditorFlags: 0
  m_IsActive: 1
--- !u!1 &129964
GameObject:
  m_ObjectHideFlags: 1
  m_PrefabParentObject: {fileID: 0}
  m_PrefabInternal: {fileID: 100100000}
  serializedVersion: 4
  m_Component:
  - 4: {fileID: 486152}
  m_Layer: 0
  m_Name: Bip001 L Foot
  m_TagString: Untagged
  m_Icon: {fileID: 0}
  m_NavMeshLayer: 0
  m_StaticEditorFlags: 0
  m_IsActive: 1
--- !u!1 &130188
GameObject:
  m_ObjectHideFlags: 1
  m_PrefabParentObject: {fileID: 0}
  m_PrefabInternal: {fileID: 100100000}
  serializedVersion: 4
  m_Component:
  - 4: {fileID: 435958}
  m_Layer: 0
  m_Name: Bip001 L ForeTwist
  m_TagString: Untagged
  m_Icon: {fileID: 0}
  m_NavMeshLayer: 0
  m_StaticEditorFlags: 0
  m_IsActive: 1
--- !u!1 &131480
GameObject:
  m_ObjectHideFlags: 0
  m_PrefabParentObject: {fileID: 0}
  m_PrefabInternal: {fileID: 100100000}
  serializedVersion: 4
  m_Component:
  - 4: {fileID: 443644}
  m_Layer: 0
  m_Name: Bip001
  m_TagString: Untagged
  m_Icon: {fileID: 0}
  m_NavMeshLayer: 0
  m_StaticEditorFlags: 0
  m_IsActive: 1
--- !u!1 &132158
GameObject:
  m_ObjectHideFlags: 1
  m_PrefabParentObject: {fileID: 0}
  m_PrefabInternal: {fileID: 100100000}
  serializedVersion: 4
  m_Component:
  - 4: {fileID: 459190}
  m_Layer: 0
  m_Name: Bip001 L ForeTwist2
  m_TagString: Untagged
  m_Icon: {fileID: 0}
  m_NavMeshLayer: 0
  m_StaticEditorFlags: 0
  m_IsActive: 1
--- !u!1 &133416
GameObject:
  m_ObjectHideFlags: 1
  m_PrefabParentObject: {fileID: 0}
  m_PrefabInternal: {fileID: 100100000}
  serializedVersion: 4
  m_Component:
  - 4: {fileID: 403482}
  m_Layer: 0
  m_Name: Bip001 Spine
  m_TagString: Untagged
  m_Icon: {fileID: 0}
  m_NavMeshLayer: 0
  m_StaticEditorFlags: 0
  m_IsActive: 1
--- !u!1 &134862
GameObject:
  m_ObjectHideFlags: 1
  m_PrefabParentObject: {fileID: 0}
  m_PrefabInternal: {fileID: 100100000}
  serializedVersion: 4
  m_Component:
  - 4: {fileID: 416710}
  m_Layer: 0
  m_Name: Bip001 Xtra0503
  m_TagString: Untagged
  m_Icon: {fileID: 0}
  m_NavMeshLayer: 0
  m_StaticEditorFlags: 0
  m_IsActive: 1
--- !u!1 &135874
GameObject:
  m_ObjectHideFlags: 1
  m_PrefabParentObject: {fileID: 0}
  m_PrefabInternal: {fileID: 100100000}
  serializedVersion: 4
  m_Component:
  - 4: {fileID: 486390}
  m_Layer: 0
  m_Name: Bip001 R Finger21
  m_TagString: Untagged
  m_Icon: {fileID: 0}
  m_NavMeshLayer: 0
  m_StaticEditorFlags: 0
  m_IsActive: 1
--- !u!1 &136264
GameObject:
  m_ObjectHideFlags: 1
  m_PrefabParentObject: {fileID: 0}
  m_PrefabInternal: {fileID: 100100000}
  serializedVersion: 4
  m_Component:
  - 4: {fileID: 457608}
  m_Layer: 0
  m_Name: Bip001 R Foot
  m_TagString: Untagged
  m_Icon: {fileID: 0}
  m_NavMeshLayer: 0
  m_StaticEditorFlags: 0
  m_IsActive: 1
--- !u!1 &136920
GameObject:
  m_ObjectHideFlags: 1
  m_PrefabParentObject: {fileID: 0}
  m_PrefabInternal: {fileID: 100100000}
  serializedVersion: 4
  m_Component:
  - 4: {fileID: 450246}
  m_Layer: 0
  m_Name: Bip001 R Finger02
  m_TagString: Untagged
  m_Icon: {fileID: 0}
  m_NavMeshLayer: 0
  m_StaticEditorFlags: 0
  m_IsActive: 1
--- !u!1 &138146
GameObject:
  m_ObjectHideFlags: 1
  m_PrefabParentObject: {fileID: 0}
  m_PrefabInternal: {fileID: 100100000}
  serializedVersion: 4
  m_Component:
  - 4: {fileID: 468460}
  m_Layer: 0
  m_Name: Bip001 Spine2
  m_TagString: Untagged
  m_Icon: {fileID: 0}
  m_NavMeshLayer: 0
  m_StaticEditorFlags: 0
  m_IsActive: 1
--- !u!1 &138414
GameObject:
  m_ObjectHideFlags: 0
  m_PrefabParentObject: {fileID: 0}
  m_PrefabInternal: {fileID: 100100000}
  serializedVersion: 4
  m_Component:
  - 4: {fileID: 463330}
  m_Layer: 0
  m_Name: HLP_Hit_Range
  m_TagString: Untagged
  m_Icon: {fileID: 0}
  m_NavMeshLayer: 0
  m_StaticEditorFlags: 0
  m_IsActive: 1
--- !u!1 &138520
GameObject:
  m_ObjectHideFlags: 1
  m_PrefabParentObject: {fileID: 0}
  m_PrefabInternal: {fileID: 100100000}
  serializedVersion: 4
  m_Component:
  - 4: {fileID: 488034}
  m_Layer: 0
  m_Name: Bip001 L Finger32
  m_TagString: Untagged
  m_Icon: {fileID: 0}
  m_NavMeshLayer: 0
  m_StaticEditorFlags: 0
  m_IsActive: 1
--- !u!1 &139382
GameObject:
  m_ObjectHideFlags: 1
  m_PrefabParentObject: {fileID: 0}
  m_PrefabInternal: {fileID: 100100000}
  serializedVersion: 4
  m_Component:
  - 4: {fileID: 432516}
  m_Layer: 0
  m_Name: Bip001 L Calf
  m_TagString: Untagged
  m_Icon: {fileID: 0}
  m_NavMeshLayer: 0
  m_StaticEditorFlags: 0
  m_IsActive: 1
--- !u!1 &147454
GameObject:
  m_ObjectHideFlags: 1
  m_PrefabParentObject: {fileID: 0}
  m_PrefabInternal: {fileID: 100100000}
  serializedVersion: 4
  m_Component:
  - 4: {fileID: 436110}
  m_Layer: 0
  m_Name: Bip001 L Finger01
  m_TagString: Untagged
  m_Icon: {fileID: 0}
  m_NavMeshLayer: 0
  m_StaticEditorFlags: 0
  m_IsActive: 1
--- !u!1 &148402
GameObject:
  m_ObjectHideFlags: 1
  m_PrefabParentObject: {fileID: 0}
  m_PrefabInternal: {fileID: 100100000}
  serializedVersion: 4
  m_Component:
  - 4: {fileID: 498632}
  m_Layer: 0
  m_Name: Bip001 R Finger12
  m_TagString: Untagged
  m_Icon: {fileID: 0}
  m_NavMeshLayer: 0
  m_StaticEditorFlags: 0
  m_IsActive: 1
--- !u!1 &150000
GameObject:
  m_ObjectHideFlags: 1
  m_PrefabParentObject: {fileID: 0}
  m_PrefabInternal: {fileID: 100100000}
  serializedVersion: 4
  m_Component:
  - 4: {fileID: 430688}
  m_Layer: 0
  m_Name: Bip001 Xtra03
  m_TagString: Untagged
  m_Icon: {fileID: 0}
  m_NavMeshLayer: 0
  m_StaticEditorFlags: 0
  m_IsActive: 1
--- !u!1 &156902
GameObject:
  m_ObjectHideFlags: 1
  m_PrefabParentObject: {fileID: 0}
  m_PrefabInternal: {fileID: 100100000}
  serializedVersion: 4
  m_Component:
  - 4: {fileID: 442130}
  m_Layer: 0
  m_Name: Bip001 L Finger11
  m_TagString: Untagged
  m_Icon: {fileID: 0}
  m_NavMeshLayer: 0
  m_StaticEditorFlags: 0
  m_IsActive: 1
--- !u!1 &158116
GameObject:
  m_ObjectHideFlags: 1
  m_PrefabParentObject: {fileID: 0}
  m_PrefabInternal: {fileID: 100100000}
  serializedVersion: 4
  m_Component:
  - 4: {fileID: 450272}
  m_Layer: 0
  m_Name: Bip001 R UpperArm
  m_TagString: Untagged
  m_Icon: {fileID: 0}
  m_NavMeshLayer: 0
  m_StaticEditorFlags: 0
  m_IsActive: 1
--- !u!1 &161506
GameObject:
  m_ObjectHideFlags: 1
  m_PrefabParentObject: {fileID: 0}
  m_PrefabInternal: {fileID: 100100000}
  serializedVersion: 4
  m_Component:
  - 4: {fileID: 431458}
  m_Layer: 0
  m_Name: Bip001 L Finger0
  m_TagString: Untagged
  m_Icon: {fileID: 0}
  m_NavMeshLayer: 0
  m_StaticEditorFlags: 0
  m_IsActive: 1
--- !u!1 &163926
GameObject:
  m_ObjectHideFlags: 1
  m_PrefabParentObject: {fileID: 0}
  m_PrefabInternal: {fileID: 100100000}
  serializedVersion: 4
  m_Component:
  - 4: {fileID: 441256}
  m_Layer: 0
  m_Name: Bip001 L Finger1
  m_TagString: Untagged
  m_Icon: {fileID: 0}
  m_NavMeshLayer: 0
  m_StaticEditorFlags: 0
  m_IsActive: 1
--- !u!1 &164676
GameObject:
  m_ObjectHideFlags: 0
  m_PrefabParentObject: {fileID: 0}
  m_PrefabInternal: {fileID: 100100000}
  serializedVersion: 4
  m_Component:
  - 4: {fileID: 417428}
  - 137: {fileID: 13738758}
  m_Layer: 0
  m_Name: Bos_Dumbdi_Cage
  m_TagString: Untagged
  m_Icon: {fileID: 0}
  m_NavMeshLayer: 0
  m_StaticEditorFlags: 0
  m_IsActive: 1
--- !u!1 &165000
GameObject:
  m_ObjectHideFlags: 0
  m_PrefabParentObject: {fileID: 0}
  m_PrefabInternal: {fileID: 100100000}
  serializedVersion: 4
  m_Component:
  - 4: {fileID: 475794}
  m_Layer: 0
  m_Name: HLP_Focus_Camera
  m_TagString: Untagged
  m_Icon: {fileID: 0}
  m_NavMeshLayer: 0
  m_StaticEditorFlags: 0
  m_IsActive: 1
--- !u!1 &165738
GameObject:
  m_ObjectHideFlags: 1
  m_PrefabParentObject: {fileID: 0}
  m_PrefabInternal: {fileID: 100100000}
  serializedVersion: 4
  m_Component:
  - 4: {fileID: 405698}
  m_Layer: 0
  m_Name: Bip001 Xtra02
  m_TagString: Untagged
  m_Icon: {fileID: 0}
  m_NavMeshLayer: 0
  m_StaticEditorFlags: 0
  m_IsActive: 1
--- !u!1 &165742
GameObject:
  m_ObjectHideFlags: 1
  m_PrefabParentObject: {fileID: 0}
  m_PrefabInternal: {fileID: 100100000}
  serializedVersion: 4
  m_Component:
  - 4: {fileID: 433072}
  m_Layer: 0
  m_Name: Bip001 R Hand
  m_TagString: Untagged
  m_Icon: {fileID: 0}
  m_NavMeshLayer: 0
  m_StaticEditorFlags: 0
  m_IsActive: 1
--- !u!1 &167568
GameObject:
  m_ObjectHideFlags: 1
  m_PrefabParentObject: {fileID: 0}
  m_PrefabInternal: {fileID: 100100000}
  serializedVersion: 4
  m_Component:
  - 4: {fileID: 449036}
  m_Layer: 0
  m_Name: Bip001 R Finger3
  m_TagString: Untagged
  m_Icon: {fileID: 0}
  m_NavMeshLayer: 0
  m_StaticEditorFlags: 0
  m_IsActive: 1
--- !u!1 &168276
GameObject:
  m_ObjectHideFlags: 1
  m_PrefabParentObject: {fileID: 0}
  m_PrefabInternal: {fileID: 100100000}
  serializedVersion: 4
  m_Component:
  - 4: {fileID: 463076}
  m_Layer: 0
  m_Name: Bip001 R Finger32
  m_TagString: Untagged
  m_Icon: {fileID: 0}
  m_NavMeshLayer: 0
  m_StaticEditorFlags: 0
  m_IsActive: 1
--- !u!1 &169818
GameObject:
  m_ObjectHideFlags: 0
  m_PrefabParentObject: {fileID: 0}
  m_PrefabInternal: {fileID: 100100000}
  serializedVersion: 4
  m_Component:
  - 4: {fileID: 486326}
  - 95: {fileID: 9587210}
  - 114: {fileID: 11494636}
  - 114: {fileID: 11413998}
  m_Layer: 0
  m_Name: HLP_Camera_Dead
  m_TagString: Untagged
  m_Icon: {fileID: 0}
  m_NavMeshLayer: 0
  m_StaticEditorFlags: 0
  m_IsActive: 1
--- !u!1 &171258
GameObject:
  m_ObjectHideFlags: 1
  m_PrefabParentObject: {fileID: 0}
  m_PrefabInternal: {fileID: 100100000}
  serializedVersion: 4
  m_Component:
  - 4: {fileID: 462274}
  m_Layer: 0
  m_Name: Bip001 R Forearm
  m_TagString: Untagged
  m_Icon: {fileID: 0}
  m_NavMeshLayer: 0
  m_StaticEditorFlags: 0
  m_IsActive: 1
--- !u!1 &172072
GameObject:
  m_ObjectHideFlags: 1
  m_PrefabParentObject: {fileID: 0}
  m_PrefabInternal: {fileID: 100100000}
  serializedVersion: 4
  m_Component:
  - 4: {fileID: 427534}
  m_Layer: 0
  m_Name: Bip001 Pelvis
  m_TagString: Untagged
  m_Icon: {fileID: 0}
  m_NavMeshLayer: 0
  m_StaticEditorFlags: 0
  m_IsActive: 1
--- !u!1 &172754
GameObject:
  m_ObjectHideFlags: 1
  m_PrefabParentObject: {fileID: 0}
  m_PrefabInternal: {fileID: 100100000}
  serializedVersion: 4
  m_Component:
  - 4: {fileID: 441678}
  m_Layer: 0
  m_Name: Bip001 L Finger3
  m_TagString: Untagged
  m_Icon: {fileID: 0}
  m_NavMeshLayer: 0
  m_StaticEditorFlags: 0
  m_IsActive: 1
--- !u!1 &173320
GameObject:
  m_ObjectHideFlags: 1
  m_PrefabParentObject: {fileID: 0}
  m_PrefabInternal: {fileID: 100100000}
  serializedVersion: 4
  m_Component:
  - 4: {fileID: 408286}
  m_Layer: 0
  m_Name: Bip001 R Finger31
  m_TagString: Untagged
  m_Icon: {fileID: 0}
  m_NavMeshLayer: 0
  m_StaticEditorFlags: 0
  m_IsActive: 1
--- !u!1 &173328
GameObject:
  m_ObjectHideFlags: 1
  m_PrefabParentObject: {fileID: 0}
  m_PrefabInternal: {fileID: 100100000}
  serializedVersion: 4
  m_Component:
  - 4: {fileID: 428574}
  m_Layer: 0
  m_Name: Bip001 R Toe0
  m_TagString: Untagged
  m_Icon: {fileID: 0}
  m_NavMeshLayer: 0
  m_StaticEditorFlags: 0
  m_IsActive: 1
--- !u!1 &173508
GameObject:
  m_ObjectHideFlags: 1
  m_PrefabParentObject: {fileID: 0}
  m_PrefabInternal: {fileID: 100100000}
  serializedVersion: 4
  m_Component:
  - 4: {fileID: 410794}
  m_Layer: 0
  m_Name: Bip001 R ForeTwist1
  m_TagString: Untagged
  m_Icon: {fileID: 0}
  m_NavMeshLayer: 0
  m_StaticEditorFlags: 0
  m_IsActive: 1
--- !u!1 &176562
GameObject:
  m_ObjectHideFlags: 1
  m_PrefabParentObject: {fileID: 0}
  m_PrefabInternal: {fileID: 100100000}
  serializedVersion: 4
  m_Component:
  - 4: {fileID: 417686}
  m_Layer: 0
  m_Name: Bip001 L ForeTwist1
  m_TagString: Untagged
  m_Icon: {fileID: 0}
  m_NavMeshLayer: 0
  m_StaticEditorFlags: 0
  m_IsActive: 1
--- !u!1 &177362
GameObject:
  m_ObjectHideFlags: 0
  m_PrefabParentObject: {fileID: 0}
  m_PrefabInternal: {fileID: 100100000}
  serializedVersion: 4
  m_Component:
  - 4: {fileID: 428480}
  m_Layer: 0
  m_Name: HLP_Info
  m_TagString: Untagged
  m_Icon: {fileID: 0}
  m_NavMeshLayer: 0
  m_StaticEditorFlags: 0
  m_IsActive: 1
--- !u!1 &178334
GameObject:
  m_ObjectHideFlags: 0
  m_PrefabParentObject: {fileID: 0}
  m_PrefabInternal: {fileID: 100100000}
  serializedVersion: 4
  m_Component:
  - 4: {fileID: 460586}
  - 95: {fileID: 9562448}
  - 114: {fileID: 11471802}
  - 114: {fileID: 11444988}
  - 114: {fileID: 11438434}
  - 114: {fileID: 11466964}
  m_Layer: 0
  m_Name: CB-07
  m_TagString: Untagged
  m_Icon: {fileID: 0}
  m_NavMeshLayer: 0
  m_StaticEditorFlags: 0
  m_IsActive: 1
--- !u!1 &178750
GameObject:
  m_ObjectHideFlags: 0
  m_PrefabParentObject: {fileID: 0}
  m_PrefabInternal: {fileID: 100100000}
  serializedVersion: 4
  m_Component:
  - 4: {fileID: 418444}
  - 95: {fileID: 9571374}
  - 114: {fileID: 11481946}
  m_Layer: 0
  m_Name: HLP_Camera_Preview
  m_TagString: Untagged
  m_Icon: {fileID: 0}
  m_NavMeshLayer: 0
  m_StaticEditorFlags: 0
  m_IsActive: 1
--- !u!1 &179058
GameObject:
  m_ObjectHideFlags: 1
  m_PrefabParentObject: {fileID: 0}
  m_PrefabInternal: {fileID: 100100000}
  serializedVersion: 4
  m_Component:
  - 4: {fileID: 413930}
  m_Layer: 0
  m_Name: Bip001 R Finger01
  m_TagString: Untagged
  m_Icon: {fileID: 0}
  m_NavMeshLayer: 0
  m_StaticEditorFlags: 0
  m_IsActive: 1
--- !u!1 &179232
GameObject:
  m_ObjectHideFlags: 1
  m_PrefabParentObject: {fileID: 0}
  m_PrefabInternal: {fileID: 100100000}
  serializedVersion: 4
  m_Component:
  - 4: {fileID: 426618}
  m_Layer: 0
  m_Name: Bip001 Xtra06
  m_TagString: Untagged
  m_Icon: {fileID: 0}
  m_NavMeshLayer: 0
  m_StaticEditorFlags: 0
  m_IsActive: 1
--- !u!1 &179292
GameObject:
  m_ObjectHideFlags: 1
  m_PrefabParentObject: {fileID: 0}
  m_PrefabInternal: {fileID: 100100000}
  serializedVersion: 4
  m_Component:
  - 4: {fileID: 422718}
  m_Layer: 0
  m_Name: Bip001 R Finger11
  m_TagString: Untagged
  m_Icon: {fileID: 0}
  m_NavMeshLayer: 0
  m_StaticEditorFlags: 0
  m_IsActive: 1
--- !u!1 &179864
GameObject:
  m_ObjectHideFlags: 1
  m_PrefabParentObject: {fileID: 0}
  m_PrefabInternal: {fileID: 100100000}
  serializedVersion: 4
  m_Component:
  - 4: {fileID: 444340}
  m_Layer: 0
  m_Name: Bip001 Head
  m_TagString: Untagged
  m_Icon: {fileID: 0}
  m_NavMeshLayer: 0
  m_StaticEditorFlags: 0
  m_IsActive: 1
--- !u!1 &180304
GameObject:
  m_ObjectHideFlags: 0
  m_PrefabParentObject: {fileID: 0}
  m_PrefabInternal: {fileID: 100100000}
  serializedVersion: 4
  m_Component:
  - 4: {fileID: 414104}
  m_Layer: 0
  m_Name: HLP_Hit_Area
  m_TagString: Untagged
  m_Icon: {fileID: 0}
  m_NavMeshLayer: 0
  m_StaticEditorFlags: 0
  m_IsActive: 1
--- !u!1 &180364
GameObject:
  m_ObjectHideFlags: 1
  m_PrefabParentObject: {fileID: 0}
  m_PrefabInternal: {fileID: 100100000}
  serializedVersion: 4
  m_Component:
  - 4: {fileID: 454026}
  m_Layer: 0
  m_Name: Bip001 Xtra04
  m_TagString: Untagged
  m_Icon: {fileID: 0}
  m_NavMeshLayer: 0
  m_StaticEditorFlags: 0
  m_IsActive: 1
--- !u!1 &181318
GameObject:
  m_ObjectHideFlags: 1
  m_PrefabParentObject: {fileID: 0}
  m_PrefabInternal: {fileID: 100100000}
  serializedVersion: 4
  m_Component:
  - 4: {fileID: 462626}
  m_Layer: 0
  m_Name: Bip001 L Finger12
  m_TagString: Untagged
  m_Icon: {fileID: 0}
  m_NavMeshLayer: 0
  m_StaticEditorFlags: 0
  m_IsActive: 1
--- !u!1 &185240
GameObject:
  m_ObjectHideFlags: 1
  m_PrefabParentObject: {fileID: 0}
  m_PrefabInternal: {fileID: 100100000}
  serializedVersion: 4
  m_Component:
  - 4: {fileID: 438176}
  m_Layer: 0
  m_Name: Bip001 R Finger1
  m_TagString: Untagged
  m_Icon: {fileID: 0}
  m_NavMeshLayer: 0
  m_StaticEditorFlags: 0
  m_IsActive: 1
--- !u!1 &187186
GameObject:
  m_ObjectHideFlags: 1
  m_PrefabParentObject: {fileID: 0}
  m_PrefabInternal: {fileID: 100100000}
  serializedVersion: 4
  m_Component:
  - 4: {fileID: 460058}
  m_Layer: 0
  m_Name: Bip001 Xtra0507
  m_TagString: Untagged
  m_Icon: {fileID: 0}
  m_NavMeshLayer: 0
  m_StaticEditorFlags: 0
  m_IsActive: 1
--- !u!1 &187450
GameObject:
  m_ObjectHideFlags: 1
  m_PrefabParentObject: {fileID: 0}
  m_PrefabInternal: {fileID: 100100000}
  serializedVersion: 4
  m_Component:
  - 4: {fileID: 479142}
  m_Layer: 0
  m_Name: Bip001 R Calf
  m_TagString: Untagged
  m_Icon: {fileID: 0}
  m_NavMeshLayer: 0
  m_StaticEditorFlags: 0
  m_IsActive: 1
--- !u!1 &188990
GameObject:
  m_ObjectHideFlags: 0
  m_PrefabParentObject: {fileID: 0}
  m_PrefabInternal: {fileID: 100100000}
  serializedVersion: 4
  m_Component:
  - 4: {fileID: 443158}
  - 137: {fileID: 13754928}
  m_Layer: 0
  m_Name: Bos_Dumbdi_Body
  m_TagString: Untagged
  m_Icon: {fileID: 0}
  m_NavMeshLayer: 0
  m_StaticEditorFlags: 0
  m_IsActive: 1
--- !u!1 &195302
GameObject:
  m_ObjectHideFlags: 1
  m_PrefabParentObject: {fileID: 0}
  m_PrefabInternal: {fileID: 100100000}
  serializedVersion: 4
  m_Component:
  - 4: {fileID: 470066}
  m_Layer: 0
  m_Name: Bip001 R Finger22
  m_TagString: Untagged
  m_Icon: {fileID: 0}
  m_NavMeshLayer: 0
  m_StaticEditorFlags: 0
  m_IsActive: 1
--- !u!1 &195924
GameObject:
  m_ObjectHideFlags: 1
  m_PrefabParentObject: {fileID: 0}
  m_PrefabInternal: {fileID: 100100000}
  serializedVersion: 4
  m_Component:
  - 4: {fileID: 468650}
  m_Layer: 0
  m_Name: Bip001 L Thigh
  m_TagString: Untagged
  m_Icon: {fileID: 0}
  m_NavMeshLayer: 0
  m_StaticEditorFlags: 0
  m_IsActive: 1
--- !u!1 &196452
GameObject:
  m_ObjectHideFlags: 1
  m_PrefabParentObject: {fileID: 0}
  m_PrefabInternal: {fileID: 100100000}
  serializedVersion: 4
  m_Component:
  - 4: {fileID: 429452}
  m_Layer: 0
  m_Name: Bip001 L Toe0
  m_TagString: Untagged
  m_Icon: {fileID: 0}
  m_NavMeshLayer: 0
  m_StaticEditorFlags: 0
  m_IsActive: 1
--- !u!1 &196518
GameObject:
  m_ObjectHideFlags: 1
  m_PrefabParentObject: {fileID: 0}
  m_PrefabInternal: {fileID: 100100000}
  serializedVersion: 4
  m_Component:
  - 4: {fileID: 447948}
  m_Layer: 0
  m_Name: Bip001 L Finger02
  m_TagString: Untagged
  m_Icon: {fileID: 0}
  m_NavMeshLayer: 0
  m_StaticEditorFlags: 0
  m_IsActive: 1
--- !u!1 &197394
GameObject:
  m_ObjectHideFlags: 1
  m_PrefabParentObject: {fileID: 0}
  m_PrefabInternal: {fileID: 100100000}
  serializedVersion: 4
  m_Component:
  - 4: {fileID: 401558}
  m_Layer: 0
  m_Name: Bip001 L Hand
  m_TagString: Untagged
  m_Icon: {fileID: 0}
  m_NavMeshLayer: 0
  m_StaticEditorFlags: 0
  m_IsActive: 1
--- !u!1 &199472
GameObject:
  m_ObjectHideFlags: 1
  m_PrefabParentObject: {fileID: 0}
  m_PrefabInternal: {fileID: 100100000}
  serializedVersion: 4
  m_Component:
  - 4: {fileID: 478960}
  m_Layer: 0
  m_Name: Bip001 R ForeTwist
  m_TagString: Untagged
  m_Icon: {fileID: 0}
  m_NavMeshLayer: 0
  m_StaticEditorFlags: 0
  m_IsActive: 1
--- !u!4 &401558
Transform:
  m_ObjectHideFlags: 1
  m_PrefabParentObject: {fileID: 0}
  m_PrefabInternal: {fileID: 100100000}
  m_GameObject: {fileID: 197394}
  m_LocalRotation: {x: -0.591185, y: -0.076193444, z: -0.04923722, w: 0.8014179}
  m_LocalPosition: {x: -1.0489504, y: 0, z: 0}
  m_LocalScale: {x: 1.0000001, y: 1, z: 1.0000001}
  m_LocalEulerAnglesHint: {x: -72.7607, y: -12.4534, z: 2.1599}
  m_Children:
  - {fileID: 431458}
  - {fileID: 441256}
  - {fileID: 416610}
  - {fileID: 441678}
  - {fileID: 492688}
  m_Father: {fileID: 473892}
  m_RootOrder: 1
--- !u!4 &401886
Transform:
  m_ObjectHideFlags: 1
  m_PrefabParentObject: {fileID: 0}
  m_PrefabInternal: {fileID: 100100000}
  m_GameObject: {fileID: 126898}
  m_LocalRotation: {x: -5.166901e-20, y: -4.4383341e-10, z: -1.1641532e-10, w: 1}
  m_LocalPosition: {x: -0.4432338, y: -0.0003530273, z: -0.0000002441406}
  m_LocalScale: {x: 1, y: 0.99999994, z: 1}
  m_LocalEulerAnglesHint: {x: 0, y: 0, z: 0}
  m_Children: []
  m_Father: {fileID: 426618}
  m_RootOrder: 0
--- !u!4 &403482
Transform:
  m_ObjectHideFlags: 1
  m_PrefabParentObject: {fileID: 0}
  m_PrefabInternal: {fileID: 100100000}
  m_GameObject: {fileID: 133416}
  m_LocalRotation: {x: -0.0000020804762, y: 0.00000069367604, z: -0.00039815903, w: 0.99999994}
  m_LocalPosition: {x: -0.11227319, y: -0.17538983, z: 0.00000006670877}
  m_LocalScale: {x: 1, y: 1, z: 1}
  m_LocalEulerAnglesHint: {x: -0.0002, y: 0.0001, z: -0.0457}
  m_Children:
  - {fileID: 468650}
  - {fileID: 491170}
  - {fileID: 492484}
  - {fileID: 420200}
  m_Father: {fileID: 427534}
  m_RootOrder: 0
--- !u!4 &405698
Transform:
  m_ObjectHideFlags: 1
  m_PrefabParentObject: {fileID: 0}
  m_PrefabInternal: {fileID: 100100000}
  m_GameObject: {fileID: 165738}
  m_LocalRotation: {x: 0.7076696, y: -0.7065435, z: -0.0000019371928, w: 0.0000000842938}
  m_LocalPosition: {x: -0.3448325, y: 0.47867477, z: 0.0000012307548}
  m_LocalScale: {x: 1.0000001, y: 1.0000001, z: 1}
  m_LocalEulerAnglesHint: {x: -0.0002, y: -179.9998, z: -90.0913}
  m_Children: []
  m_Father: {fileID: 453658}
  m_RootOrder: 3
--- !u!4 &408286
Transform:
  m_ObjectHideFlags: 1
  m_PrefabParentObject: {fileID: 0}
  m_PrefabInternal: {fileID: 100100000}
  m_GameObject: {fileID: 173320}
  m_LocalRotation: {x: -0.0000000022697908, y: 3.7383915e-11, z: -0.01646797, w: 0.9998644}
  m_LocalPosition: {x: -0.110805415, y: 0, z: 0}
  m_LocalScale: {x: 1, y: 1, z: 0.99999994}
  m_LocalEulerAnglesHint: {x: 0, y: 0, z: -1.8872}
  m_Children:
  - {fileID: 463076}
  m_Father: {fileID: 449036}
  m_RootOrder: 0
--- !u!4 &408668
Transform:
  m_ObjectHideFlags: 1
  m_PrefabParentObject: {fileID: 0}
  m_PrefabInternal: {fileID: 100100000}
  m_GameObject: {fileID: 100566}
  m_LocalRotation: {x: -0.3055336, y: 0.2675287, z: -0.1317992, w: 0.9042713}
  m_LocalPosition: {x: -0.11958056, y: 0.009265624, z: 0.2378408}
  m_LocalScale: {x: 0.99999994, y: 1, z: 0.99999994}
  m_LocalEulerAnglesHint: {x: -28.819399, y: 40.1026, z: -27.3}
  m_Children:
  - {fileID: 413930}
  m_Father: {fileID: 433072}
  m_RootOrder: 0
--- !u!4 &410794
Transform:
  m_ObjectHideFlags: 1
  m_PrefabParentObject: {fileID: 0}
  m_PrefabInternal: {fileID: 100100000}
  m_GameObject: {fileID: 173508}
  m_LocalRotation: {x: -0.0367678, y: -0.000000014754116, z: -0.000000004270655, w: 0.99932384}
  m_LocalPosition: {x: -0.34965023, y: 0, z: 0}
  m_LocalScale: {x: 0.9999999, y: 0.9999998, z: 0.9999998}
  m_LocalEulerAnglesHint: {x: -4.2142, y: 0, z: 0}
  m_Children:
  - {fileID: 465364}
  m_Father: {fileID: 478960}
  m_RootOrder: 0
--- !u!4 &413930
Transform:
  m_ObjectHideFlags: 1
  m_PrefabParentObject: {fileID: 0}
  m_PrefabInternal: {fileID: 100100000}
  m_GameObject: {fileID: 179058}
  m_LocalRotation: {x: 0.000000008433999, y: -0.00000000843297, z: -0.11037089, w: 0.99389046}
  m_LocalPosition: {x: -0.14656053, y: -0.0000001220703, z: -0.0000003662109}
  m_LocalScale: {x: 1.0000001, y: 0.99999994, z: 0.99999994}
  m_LocalEulerAnglesHint: {x: 0, y: 0, z: -12.6734}
  m_Children:
  - {fileID: 450246}
  m_Father: {fileID: 408668}
  m_RootOrder: 0
--- !u!4 &414104
Transform:
  m_ObjectHideFlags: 1
  m_PrefabParentObject: {fileID: 0}
  m_PrefabInternal: {fileID: 100100000}
  m_GameObject: {fileID: 180304}
  m_LocalRotation: {x: 0, y: 0, z: 0, w: 1}
  m_LocalPosition: {x: 0, y: 1.79, z: 1.57}
  m_LocalScale: {x: 1, y: 1, z: 1}
  m_LocalEulerAnglesHint: {x: 0, y: 0, z: 0}
  m_Children: []
  m_Father: {fileID: 460586}
  m_RootOrder: 3
--- !u!4 &416072
Transform:
  m_ObjectHideFlags: 1
  m_PrefabParentObject: {fileID: 0}
  m_PrefabInternal: {fileID: 100100000}
  m_GameObject: {fileID: 116972}
  m_LocalRotation: {x: 6.733912e-20, y: 5.7843863e-10, z: -1.1641532e-10, w: 1}
  m_LocalPosition: {x: -0.33022335, y: -0.0019986571, z: 0}
  m_LocalScale: {x: 1, y: 1.0000001, z: 1.0000001}
  m_LocalEulerAnglesHint: {x: 0, y: 0, z: 0}
  m_Children: []
  m_Father: {fileID: 460058}
  m_RootOrder: 0
--- !u!4 &416610
Transform:
  m_ObjectHideFlags: 1
  m_PrefabParentObject: {fileID: 0}
  m_PrefabInternal: {fileID: 100100000}
  m_GameObject: {fileID: 104324}
  m_LocalRotation: {x: -0.17924483, y: 0.04475481, z: -0.1880677, w: 0.9646237}
  m_LocalPosition: {x: -0.44025093, y: 0.0050346674, z: 0.056290768}
  m_LocalScale: {x: 0.9999998, y: 0.99999994, z: 0.9999998}
  m_LocalEulerAnglesHint: {x: -19.2065, y: 9.370999, z: -23.653599}
  m_Children:
  - {fileID: 422332}
  m_Father: {fileID: 401558}
  m_RootOrder: 2
--- !u!4 &416710
Transform:
  m_ObjectHideFlags: 1
  m_PrefabParentObject: {fileID: 0}
  m_PrefabInternal: {fileID: 100100000}
  m_GameObject: {fileID: 134862}
  m_LocalRotation: {x: 9.313227e-10, y: -4.0017767e-11, z: 3.7269453e-20, w: 1}
  m_LocalPosition: {x: -0.5131786, y: -0.00039575194, z: 0}
  m_LocalScale: {x: 1, y: 0.99999994, z: 0.99999994}
  m_LocalEulerAnglesHint: {x: 0, y: 0, z: 0}
  m_Children:
  - {fileID: 489260}
  m_Father: {fileID: 478388}
  m_RootOrder: 0
--- !u!4 &417428
Transform:
  m_ObjectHideFlags: 1
  m_PrefabParentObject: {fileID: 0}
  m_PrefabInternal: {fileID: 100100000}
  m_GameObject: {fileID: 164676}
  m_LocalRotation: {x: -0.000000005962413, y: 0.0030475138, z: 1.817062e-11, w: 0.99999535}
  m_LocalPosition: {x: -2.6560893, y: 1.6708441, z: -4.5103106}
  m_LocalScale: {x: 1, y: 1, z: 0.99999994}
  m_LocalEulerAnglesHint: {x: 0, y: 0.34919998, z: 0}
  m_Children: []
  m_Father: {fileID: 460586}
  m_RootOrder: 2
--- !u!4 &417686
Transform:
  m_ObjectHideFlags: 1
  m_PrefabParentObject: {fileID: 0}
  m_PrefabInternal: {fileID: 100100000}
  m_GameObject: {fileID: 176562}
  m_LocalRotation: {x: 0.036767762, y: -4.109117e-10, z: -0.0000000111683125, w: 0.99932384}
  m_LocalPosition: {x: -0.3496503, y: 0, z: -0.0000002441406}
  m_LocalScale: {x: 1.0000001, y: 1, z: 1}
  m_LocalEulerAnglesHint: {x: 4.2142, y: 0, z: 0}
  m_Children:
  - {fileID: 459190}
  m_Father: {fileID: 435958}
  m_RootOrder: 0
--- !u!4 &418444
Transform:
  m_ObjectHideFlags: 1
  m_PrefabParentObject: {fileID: 0}
  m_PrefabInternal: {fileID: 100100000}
  m_GameObject: {fileID: 178750}
  m_LocalRotation: {x: 0, y: 0, z: 0, w: 1}
  m_LocalPosition: {x: 0, y: 0, z: 0}
  m_LocalScale: {x: 1, y: 1, z: 1}
  m_LocalEulerAnglesHint: {x: 0, y: 0, z: 0}
  m_Children: []
  m_Father: {fileID: 460586}
  m_RootOrder: 7
--- !u!4 &418786
Transform:
  m_ObjectHideFlags: 1
  m_PrefabParentObject: {fileID: 0}
  m_PrefabInternal: {fileID: 100100000}
  m_GameObject: {fileID: 115102}
  m_LocalRotation: {x: 9.313227e-10, y: -4.0017767e-11, z: 3.7269453e-20, w: 1}
  m_LocalPosition: {x: -0.42259902, y: -0.0003366699, z: 0}
  m_LocalScale: {x: 1, y: 0.99999994, z: 0.99999994}
  m_LocalEulerAnglesHint: {x: 0, y: 0, z: 0}
  m_Children:
  - {fileID: 488638}
  m_Father: {fileID: 489260}
  m_RootOrder: 0
--- !u!4 &420200
Transform:
  m_ObjectHideFlags: 1
  m_PrefabParentObject: {fileID: 0}
  m_PrefabInternal: {fileID: 100100000}
  m_GameObject: {fileID: 105992}
  m_LocalRotation: {x: -8.3014474e-14, y: 0.0000020469167, z: -0.73799986, w: 0.6748009}
  m_LocalPosition: {x: -0.26022848, y: 0.60332555, z: 0.0000024999867}
  m_LocalScale: {x: 1, y: 1, z: 1}
  m_LocalEulerAnglesHint: {x: 0.0002, y: 0.0002, z: -95.1226}
  m_Children: []
  m_Father: {fileID: 403482}
  m_RootOrder: 3
--- !u!4 &422332
Transform:
  m_ObjectHideFlags: 1
  m_PrefabParentObject: {fileID: 0}
  m_PrefabInternal: {fileID: 100100000}
  m_GameObject: {fileID: 128574}
  m_LocalRotation: {x: -0.000000003931215, y: 4.6073406e-10, z: -0.116402216, w: 0.9932022}
  m_LocalPosition: {x: -0.15730724, y: 0, z: -0.00000018310546}
  m_LocalScale: {x: 1, y: 1, z: 1}
  m_LocalEulerAnglesHint: {x: 0, y: 0, z: -13.3689995}
  m_Children:
  - {fileID: 443566}
  m_Father: {fileID: 416610}
  m_RootOrder: 0
--- !u!4 &422718
Transform:
  m_ObjectHideFlags: 1
  m_PrefabParentObject: {fileID: 0}
  m_PrefabInternal: {fileID: 100100000}
  m_GameObject: {fileID: 179292}
  m_LocalRotation: {x: 0.0000000043937107, y: -5.1493815e-10, z: -0.11640222, w: 0.9932022}
  m_LocalPosition: {x: -0.11223449, y: 0, z: -0.0000001220703}
  m_LocalScale: {x: 1, y: 1, z: 0.99999994}
  m_LocalEulerAnglesHint: {x: 0, y: 0, z: -13.3689995}
  m_Children:
  - {fileID: 498632}
  m_Father: {fileID: 438176}
  m_RootOrder: 0
--- !u!4 &426618
Transform:
  m_ObjectHideFlags: 1
  m_PrefabParentObject: {fileID: 0}
  m_PrefabInternal: {fileID: 100100000}
  m_GameObject: {fileID: 179232}
  m_LocalRotation: {x: -0.0060660066, y: -0.015060918, z: 0.9998682, w: 0.00015686158}
  m_LocalPosition: {x: 0.13701007, y: 0.00778186, z: 0.034338865}
  m_LocalScale: {x: 0.99999994, y: 0.99999994, z: 1}
  m_LocalEulerAnglesHint: {x: 1.7257999, y: -0.6956, z: 179.97159}
  m_Children:
  - {fileID: 401886}
  m_Father: {fileID: 492688}
  m_RootOrder: 0
--- !u!4 &427534
Transform:
  m_ObjectHideFlags: 1
  m_PrefabParentObject: {fileID: 0}
  m_PrefabInternal: {fileID: 100100000}
  m_GameObject: {fileID: 172072}
  m_LocalRotation: {x: -0.5, y: 0.5, z: 0.4999993, w: 0.5000007}
  m_LocalPosition: {x: 0, y: 0, z: 0}
  m_LocalScale: {x: 1, y: 1, z: 1}
  m_LocalEulerAnglesHint: {x: -90, y: 89.9999, z: 0}
  m_Children:
  - {fileID: 403482}
  m_Father: {fileID: 443644}
  m_RootOrder: 0
--- !u!4 &428480
Transform:
  m_ObjectHideFlags: 1
  m_PrefabParentObject: {fileID: 0}
  m_PrefabInternal: {fileID: 100100000}
  m_GameObject: {fileID: 177362}
  m_LocalRotation: {x: -0.7071068, y: 0, z: 0, w: 0.7071068}
  m_LocalPosition: {x: 0, y: 4.64, z: -0.15}
  m_LocalScale: {x: 1, y: 1, z: 1}
  m_LocalEulerAnglesHint: {x: 270, y: 0, z: 0}
  m_Children: []
  m_Father: {fileID: 460586}
  m_RootOrder: 6
--- !u!4 &428574
Transform:
  m_ObjectHideFlags: 1
  m_PrefabParentObject: {fileID: 0}
  m_PrefabInternal: {fileID: 100100000}
  m_GameObject: {fileID: 173328}
  m_LocalRotation: {x: -0.00000001545431, y: 0.000000015454308, z: -0.7071068, w: 0.7071068}
  m_LocalPosition: {x: -0.28336117, y: 0.4406924, z: 0.00000006103515}
  m_LocalScale: {x: 1, y: 1, z: 1}
  m_LocalEulerAnglesHint: {x: 0, y: 0, z: -90}
  m_Children: []
  m_Father: {fileID: 457608}
  m_RootOrder: 0
--- !u!4 &429452
Transform:
  m_ObjectHideFlags: 1
  m_PrefabParentObject: {fileID: 0}
  m_PrefabInternal: {fileID: 100100000}
  m_GameObject: {fileID: 196452}
  m_LocalRotation: {x: 0.000000015454312, y: -0.000000015454313, z: -0.7071068, w: 0.7071068}
  m_LocalPosition: {x: -0.28336114, y: 0.44069242, z: 0}
  m_LocalScale: {x: 1, y: 1, z: 1}
  m_LocalEulerAnglesHint: {x: 0, y: 0, z: -90}
  m_Children: []
  m_Father: {fileID: 486152}
  m_RootOrder: 0
--- !u!4 &430688
Transform:
  m_ObjectHideFlags: 1
  m_PrefabParentObject: {fileID: 0}
  m_PrefabInternal: {fileID: 100100000}
  m_GameObject: {fileID: 150000}
  m_LocalRotation: {x: 1.2697169e-12, y: 0.0000018746312, z: -0.6758842, w: 0.7370079}
  m_LocalPosition: {x: -0.24811913, y: 0.2187927, z: 0.00000081936764}
  m_LocalScale: {x: 1, y: 1, z: 1}
  m_LocalEulerAnglesHint: {x: 0.0002, y: 0.0002, z: -85.0457}
  m_Children: []
  m_Father: {fileID: 444340}
  m_RootOrder: 0
--- !u!4 &431458
Transform:
  m_ObjectHideFlags: 1
  m_PrefabParentObject: {fileID: 0}
  m_PrefabInternal: {fileID: 100100000}
  m_GameObject: {fileID: 161506}
  m_LocalRotation: {x: 0.3055336, y: -0.2675287, z: -0.1317992, w: 0.9042713}
  m_LocalPosition: {x: -0.11958056, y: 0.009265869, z: -0.2378408}
  m_LocalScale: {x: 0.99999994, y: 0.99999994, z: 0.9999999}
  m_LocalEulerAnglesHint: {x: 28.819399, y: -40.1026, z: -27.3}
  m_Children:
  - {fileID: 436110}
  m_Father: {fileID: 401558}
  m_RootOrder: 0
--- !u!4 &432516
Transform:
  m_ObjectHideFlags: 1
  m_PrefabParentObject: {fileID: 0}
  m_PrefabInternal: {fileID: 100100000}
  m_GameObject: {fileID: 139382}
  m_LocalRotation: {x: 0.0000000014074831, y: 0.000000013357777, z: 0.46445745, w: 0.88559544}
  m_LocalPosition: {x: -0.7989302, y: 0, z: 0}
  m_LocalScale: {x: 1, y: 1.0000001, z: 1}
  m_LocalEulerAnglesHint: {x: 0, y: 0, z: 55.350197}
  m_Children:
  - {fileID: 486152}
  m_Father: {fileID: 468650}
  m_RootOrder: 0
--- !u!4 &433072
Transform:
  m_ObjectHideFlags: 1
  m_PrefabParentObject: {fileID: 0}
  m_PrefabInternal: {fileID: 100100000}
  m_GameObject: {fileID: 165742}
  m_LocalRotation: {x: 0.591185, y: 0.07619342, z: -0.04923722, w: 0.8014179}
  m_LocalPosition: {x: -1.0489508, y: 0.00000006103515, z: 0}
  m_LocalScale: {x: 0.99999994, y: 0.9999999, z: 0.99999994}
  m_LocalEulerAnglesHint: {x: 72.7607, y: 12.4532995, z: 2.1599}
  m_Children:
  - {fileID: 408668}
  - {fileID: 438176}
  - {fileID: 437012}
  - {fileID: 449036}
  m_Father: {fileID: 462274}
  m_RootOrder: 1
--- !u!4 &435958
Transform:
  m_ObjectHideFlags: 1
  m_PrefabParentObject: {fileID: 0}
  m_PrefabInternal: {fileID: 100100000}
  m_GameObject: {fileID: 130188}
  m_LocalRotation: {x: 0.036767773, y: -0.000000029919143, z: -0.0000000026270064,
    w: 0.99932384}
  m_LocalPosition: {x: 0, y: 0, z: 0}
  m_LocalScale: {x: 1, y: 1.0000001, z: 1.0000001}
  m_LocalEulerAnglesHint: {x: 4.2142, y: 0, z: 0}
  m_Children:
  - {fileID: 417686}
  m_Father: {fileID: 473892}
  m_RootOrder: 0
--- !u!4 &436110
Transform:
  m_ObjectHideFlags: 1
  m_PrefabParentObject: {fileID: 0}
  m_PrefabInternal: {fileID: 100100000}
  m_GameObject: {fileID: 147454}
  m_LocalRotation: {x: -2.0661105e-10, y: 0.000000015015702, z: -0.11037089, w: 0.99389046}
  m_LocalPosition: {x: -0.14656042, y: 0, z: 0}
  m_LocalScale: {x: 1.0000001, y: 1, z: 1}
  m_LocalEulerAnglesHint: {x: 0, y: 0, z: -12.6734}
  m_Children:
  - {fileID: 447948}
  m_Father: {fileID: 431458}
  m_RootOrder: 0
--- !u!4 &437012
Transform:
  m_ObjectHideFlags: 1
  m_PrefabParentObject: {fileID: 0}
  m_PrefabInternal: {fileID: 100100000}
  m_GameObject: {fileID: 112540}
  m_LocalRotation: {x: 0.17924483, y: -0.04475482, z: -0.18806772, w: 0.9646237}
  m_LocalPosition: {x: -0.44025093, y: 0.0050344234, z: -0.056290645}
  m_LocalScale: {x: 0.9999998, y: 0.99999994, z: 0.99999994}
  m_LocalEulerAnglesHint: {x: 19.2065, y: -9.370999, z: -23.653599}
  m_Children:
  - {fileID: 486390}
  m_Father: {fileID: 433072}
  m_RootOrder: 2
--- !u!4 &438176
Transform:
  m_ObjectHideFlags: 1
  m_PrefabParentObject: {fileID: 0}
  m_PrefabInternal: {fileID: 100100000}
  m_GameObject: {fileID: 185240}
  m_LocalRotation: {x: -0.020683942, y: 0.11942907, z: -0.17253253, w: 0.97751796}
  m_LocalPosition: {x: -0.435676, y: -0.024073241, z: 0.12996191}
  m_LocalScale: {x: 1, y: 1, z: 0.9999999}
  m_LocalEulerAnglesHint: {x: 0.044299997, y: 13.9235, z: -20.013899}
  m_Children:
  - {fileID: 422718}
  m_Father: {fileID: 433072}
  m_RootOrder: 1
--- !u!4 &441256
Transform:
  m_ObjectHideFlags: 1
  m_PrefabParentObject: {fileID: 0}
  m_PrefabInternal: {fileID: 100100000}
  m_GameObject: {fileID: 163926}
  m_LocalRotation: {x: 0.020683954, y: -0.11942907, z: -0.17253251, w: 0.97751796}
  m_LocalPosition: {x: -0.43567613, y: -0.024072751, z: -0.12996191}
  m_LocalScale: {x: 0.99999994, y: 0.9999999, z: 0.99999994}
  m_LocalEulerAnglesHint: {x: -0.044299997, y: -13.9235, z: -20.013899}
  m_Children:
  - {fileID: 442130}
  m_Father: {fileID: 401558}
  m_RootOrder: 1
--- !u!4 &441678
Transform:
  m_ObjectHideFlags: 1
  m_PrefabParentObject: {fileID: 0}
  m_PrefabInternal: {fileID: 100100000}
  m_GameObject: {fileID: 172754}
  m_LocalRotation: {x: -0.49345043, y: 0.16114646, z: -0.20651355, w: 0.8293917}
  m_LocalPosition: {x: -0.28623113, y: 0.08953051, z: 0.21371007}
  m_LocalScale: {x: 0.99999994, y: 1, z: 0.9999998}
  m_LocalEulerAnglesHint: {x: -48.7613, y: 45.617, z: -49.5454}
  m_Children:
  - {fileID: 444602}
  m_Father: {fileID: 401558}
  m_RootOrder: 3
--- !u!4 &442130
Transform:
  m_ObjectHideFlags: 1
  m_PrefabParentObject: {fileID: 0}
  m_PrefabInternal: {fileID: 100100000}
  m_GameObject: {fileID: 156902}
  m_LocalRotation: {x: 0.000000011735916, y: 0.0000000061261396, z: -0.11640222, w: 0.9932022}
  m_LocalPosition: {x: -0.11223449, y: 0, z: 0.0000002441406}
  m_LocalScale: {x: 0.99999994, y: 1, z: 0.99999994}
  m_LocalEulerAnglesHint: {x: 0, y: 0, z: -13.3689995}
  m_Children:
  - {fileID: 462626}
  m_Father: {fileID: 441256}
  m_RootOrder: 0
--- !u!4 &443158
Transform:
  m_ObjectHideFlags: 1
  m_PrefabParentObject: {fileID: 0}
  m_PrefabInternal: {fileID: 100100000}
  m_GameObject: {fileID: 188990}
  m_LocalRotation: {x: -0.7071068, y: 0, z: -0, w: 0.7071068}
  m_LocalPosition: {x: 0, y: 0, z: -1.5471854e-15}
  m_LocalScale: {x: 1, y: 1, z: 1}
  m_LocalEulerAnglesHint: {x: -90, y: 0, z: 0}
  m_Children: []
  m_Father: {fileID: 460586}
  m_RootOrder: 1
--- !u!4 &443566
Transform:
  m_ObjectHideFlags: 1
  m_PrefabParentObject: {fileID: 0}
  m_PrefabInternal: {fileID: 100100000}
  m_GameObject: {fileID: 118760}
  m_LocalRotation: {x: 0.000000045758217, y: -0.0000000016120261, z: -0.11640222,
    w: 0.9932022}
  m_LocalPosition: {x: -0.11220861, y: -0.0000002441406, z: 0.0000001220703}
  m_LocalScale: {x: 1.0000001, y: 1.0000001, z: 1}
  m_LocalEulerAnglesHint: {x: 0, y: 0, z: -13.3689995}
  m_Children: []
  m_Father: {fileID: 422332}
  m_RootOrder: 0
--- !u!4 &443644
Transform:
  m_ObjectHideFlags: 1
  m_PrefabParentObject: {fileID: 0}
  m_PrefabInternal: {fileID: 100100000}
  m_GameObject: {fileID: 131480}
  m_LocalRotation: {x: 0.5, y: -0.5, z: -0.5, w: -0.5}
  m_LocalPosition: {x: 0, y: 1.6520504, z: 0.016876047}
  m_LocalScale: {x: 1, y: 1, z: 1}
  m_LocalEulerAnglesHint: {x: -90, y: 90, z: 0}
  m_Children:
  - {fileID: 427534}
  m_Father: {fileID: 460586}
  m_RootOrder: 0
--- !u!4 &444340
Transform:
  m_ObjectHideFlags: 1
  m_PrefabParentObject: {fileID: 0}
  m_PrefabInternal: {fileID: 100100000}
  m_GameObject: {fileID: 179864}
  m_LocalRotation: {x: 0.00000015182772, y: -0.0000011301497, z: 0.53864443, w: 0.8425332}
  m_LocalPosition: {x: -0.42054904, y: 0.23785813, z: 0.0000006641959}
  m_LocalScale: {x: 1.0000001, y: 1.0000001, z: 1}
  m_LocalEulerAnglesHint: {x: 0.0001, y: -0.0001, z: 65.1828}
  m_Children:
  - {fileID: 430688}
  - {fileID: 454026}
  m_Father: {fileID: 453658}
  m_RootOrder: 0
--- !u!4 &444602
Transform:
  m_ObjectHideFlags: 1
  m_PrefabParentObject: {fileID: 0}
  m_PrefabInternal: {fileID: 100100000}
  m_GameObject: {fileID: 103206}
  m_LocalRotation: {x: 0.0000000015438679, y: 0.0000000018374701, z: -0.016467972,
    w: 0.9998644}
  m_LocalPosition: {x: -0.11080529, y: 0, z: -0.00000006103515}
  m_LocalScale: {x: 0.99999994, y: 1, z: 0.99999994}
  m_LocalEulerAnglesHint: {x: 0, y: 0, z: -1.8872}
  m_Children:
  - {fileID: 488034}
  m_Father: {fileID: 441678}
  m_RootOrder: 0
--- !u!4 &447948
Transform:
  m_ObjectHideFlags: 1
  m_PrefabParentObject: {fileID: 0}
  m_PrefabInternal: {fileID: 100100000}
  m_GameObject: {fileID: 196518}
  m_LocalRotation: {x: 0.0000000020578756, y: -0.000000015221287, z: -0.1103709, w: 0.99389046}
  m_LocalPosition: {x: -0.14656042, y: 0, z: 0}
  m_LocalScale: {x: 0.9999999, y: 1, z: 0.99999994}
  m_LocalEulerAnglesHint: {x: 0, y: 0, z: -12.6734}
  m_Children: []
  m_Father: {fileID: 436110}
  m_RootOrder: 0
--- !u!4 &449036
Transform:
  m_ObjectHideFlags: 1
  m_PrefabParentObject: {fileID: 0}
  m_PrefabInternal: {fileID: 100100000}
  m_GameObject: {fileID: 167568}
  m_LocalRotation: {x: 0.4934504, y: -0.16114648, z: -0.20651357, w: 0.8293917}
  m_LocalPosition: {x: -0.28623113, y: 0.08953027, z: -0.21371019}
  m_LocalScale: {x: 0.99999994, y: 1, z: 0.9999998}
  m_LocalEulerAnglesHint: {x: 48.7613, y: -45.617, z: -49.5454}
  m_Children:
  - {fileID: 408286}
  m_Father: {fileID: 433072}
  m_RootOrder: 3
--- !u!4 &450246
Transform:
  m_ObjectHideFlags: 1
  m_PrefabParentObject: {fileID: 0}
  m_PrefabInternal: {fileID: 100100000}
  m_GameObject: {fileID: 136920}
  m_LocalRotation: {x: -0.0000000026239972, y: 0.000000022780535, z: -0.11037089,
    w: 0.99389046}
  m_LocalPosition: {x: -0.14656079, y: -0.00000006103515, z: 0.0000002441406}
  m_LocalScale: {x: 0.99999994, y: 1.0000001, z: 1}
  m_LocalEulerAnglesHint: {x: 0, y: 0, z: -12.6734}
  m_Children: []
  m_Father: {fileID: 413930}
  m_RootOrder: 0
--- !u!4 &450272
Transform:
  m_ObjectHideFlags: 1
  m_PrefabParentObject: {fileID: 0}
  m_PrefabInternal: {fileID: 100100000}
  m_GameObject: {fileID: 158116}
  m_LocalRotation: {x: -0.042698342, y: 0.34906584, z: 0.017489616, w: 0.93596154}
  m_LocalPosition: {x: -0.5982809, y: 0, z: 0}
  m_LocalScale: {x: 1, y: 1.0000001, z: 1.0000001}
  m_LocalEulerAnglesHint: {x: -5.2865996, y: 40.898098, z: 0.1686}
  m_Children:
  - {fileID: 462274}
  m_Father: {fileID: 468442}
  m_RootOrder: 0
--- !u!4 &453658
Transform:
  m_ObjectHideFlags: 1
  m_PrefabParentObject: {fileID: 0}
  m_PrefabInternal: {fileID: 100100000}
  m_GameObject: {fileID: 124642}
  m_LocalRotation: {x: -0.00000021829261, y: 0.000001059361, z: -0.43854716, w: 0.89870816}
  m_LocalPosition: {x: -0.48554903, y: 0.29058078, z: 0.0000008738776}
  m_LocalScale: {x: 0.99999994, y: 0.99999994, z: 1}
  m_LocalEulerAnglesHint: {x: 0, y: 0.0001, z: -52.0224}
  m_Children:
  - {fileID: 444340}
  - {fileID: 497448}
  - {fileID: 468442}
  - {fileID: 405698}
  m_Father: {fileID: 468460}
  m_RootOrder: 0
--- !u!4 &454026
Transform:
  m_ObjectHideFlags: 1
  m_PrefabParentObject: {fileID: 0}
  m_PrefabInternal: {fileID: 100100000}
  m_GameObject: {fileID: 180364}
  m_LocalRotation: {x: -0.00000005956544, y: -0.000002505822, z: 0.8662247, w: -0.49965462}
  m_LocalPosition: {x: -0.114368156, y: -0.0054082638, z: -0.00000013810454}
  m_LocalScale: {x: 1.0000001, y: 1.0000001, z: 1}
  m_LocalEulerAnglesHint: {x: 0.00029999999, y: 0.0001, z: -120.0457}
  m_Children: []
  m_Father: {fileID: 444340}
  m_RootOrder: 1
--- !u!4 &457608
Transform:
  m_ObjectHideFlags: 1
  m_PrefabParentObject: {fileID: 0}
  m_PrefabInternal: {fileID: 100100000}
  m_GameObject: {fileID: 136264}
  m_LocalRotation: {x: -0.008550761, y: -0.042144664, z: -0.32987383, w: 0.9430451}
  m_LocalPosition: {x: -0.7835445, y: -0.000000030517576, z: 0}
  m_LocalScale: {x: 1, y: 1, z: 0.99999994}
  m_LocalEulerAnglesHint: {x: -2.5179, y: -4.2391, z: -38.4661}
  m_Children:
  - {fileID: 428574}
  m_Father: {fileID: 479142}
  m_RootOrder: 0
--- !u!4 &459190
Transform:
  m_ObjectHideFlags: 1
  m_PrefabParentObject: {fileID: 0}
  m_PrefabInternal: {fileID: 100100000}
  m_GameObject: {fileID: 132158}
  m_LocalRotation: {x: 0.036767796, y: 0.000000015507453, z: 0.000000016204588, w: 0.99932384}
  m_LocalPosition: {x: -0.34965017, y: -0.0000001220703, z: 0}
  m_LocalScale: {x: 1, y: 1.0000001, z: 1.0000001}
  m_LocalEulerAnglesHint: {x: 4.2142, y: 0, z: 0}
  m_Children: []
  m_Father: {fileID: 417686}
  m_RootOrder: 0
--- !u!4 &460058
Transform:
  m_ObjectHideFlags: 1
  m_PrefabParentObject: {fileID: 0}
  m_PrefabInternal: {fileID: 100100000}
  m_GameObject: {fileID: 187186}
  m_LocalRotation: {x: -0.000043988268, y: -0.015667979, z: 0.00023623474, w: 0.9998772}
  m_LocalPosition: {x: -0.42259923, y: -0.00026281737, z: 0}
  m_LocalScale: {x: 0.99999994, y: 0.9999999, z: 1}
  m_LocalEulerAnglesHint: {x: -0.0046, y: -1.7954999, z: 0.027099999}
  m_Children:
  - {fileID: 416072}
  m_Father: {fileID: 488638}
  m_RootOrder: 0
--- !u!4 &460586
Transform:
  m_ObjectHideFlags: 1
  m_PrefabParentObject: {fileID: 0}
  m_PrefabInternal: {fileID: 100100000}
  m_GameObject: {fileID: 178334}
  m_LocalRotation: {x: 0, y: 0, z: 0, w: 1}
  m_LocalPosition: {x: 0, y: 0, z: 0}
  m_LocalScale: {x: 1, y: 1, z: 1}
  m_LocalEulerAnglesHint: {x: 0, y: 0, z: 0}
  m_Children:
  - {fileID: 443644}
  - {fileID: 443158}
  - {fileID: 417428}
  - {fileID: 414104}
  - {fileID: 463330}
  - {fileID: 475794}
  - {fileID: 428480}
  - {fileID: 418444}
  - {fileID: 486326}
  m_Father: {fileID: 0}
  m_RootOrder: 0
--- !u!4 &462274
Transform:
  m_ObjectHideFlags: 1
  m_PrefabParentObject: {fileID: 0}
  m_PrefabInternal: {fileID: 100100000}
  m_GameObject: {fileID: 171258}
  m_LocalRotation: {x: -5.228062e-10, y: -0.0000000650573, z: 0.3934438, w: 0.91934866}
  m_LocalPosition: {x: -1.1409817, y: 0, z: -0.0000002441406}
  m_LocalScale: {x: 1, y: 1, z: 1}
  m_LocalEulerAnglesHint: {x: 0, y: 0, z: 46.3379}
  m_Children:
  - {fileID: 478960}
  - {fileID: 433072}
  m_Father: {fileID: 450272}
  m_RootOrder: 0
--- !u!4 &462626
Transform:
  m_ObjectHideFlags: 1
  m_PrefabParentObject: {fileID: 0}
  m_PrefabInternal: {fileID: 100100000}
  m_GameObject: {fileID: 181318}
  m_LocalRotation: {x: 0.00000000779949, y: -7.251789e-11, z: -0.009297372, w: 0.9999568}
  m_LocalPosition: {x: -0.11678002, y: 0, z: -0.0000001220703}
  m_LocalScale: {x: 0.99999976, y: 0.99999994, z: 0.9999999}
  m_LocalEulerAnglesHint: {x: 0, y: 0, z: -1.0654}
  m_Children: []
  m_Father: {fileID: 442130}
  m_RootOrder: 0
--- !u!4 &463076
Transform:
  m_ObjectHideFlags: 1
  m_PrefabParentObject: {fileID: 0}
  m_PrefabInternal: {fileID: 100100000}
  m_GameObject: {fileID: 168276}
  m_LocalRotation: {x: -0.000000008241046, y: 0.0000000021996545, z: -0.040673133,
    w: 0.9991725}
  m_LocalPosition: {x: -0.11080505, y: 0, z: 0}
  m_LocalScale: {x: 1.0000001, y: 1.0000002, z: 1.0000001}
  m_LocalEulerAnglesHint: {x: 0, y: 0, z: -4.6621}
  m_Children: []
  m_Father: {fileID: 408286}
  m_RootOrder: 0
--- !u!4 &463330
Transform:
  m_ObjectHideFlags: 1
  m_PrefabParentObject: {fileID: 0}
  m_PrefabInternal: {fileID: 100100000}
  m_GameObject: {fileID: 138414}
  m_LocalRotation: {x: 0, y: 0, z: 0, w: 1}
  m_LocalPosition: {x: 0, y: 3.38, z: 2.28}
  m_LocalScale: {x: 1, y: 1, z: 1}
  m_LocalEulerAnglesHint: {x: 0, y: 0, z: 0}
  m_Children: []
  m_Father: {fileID: 460586}
  m_RootOrder: 4
--- !u!4 &465364
Transform:
  m_ObjectHideFlags: 1
  m_PrefabParentObject: {fileID: 0}
  m_PrefabInternal: {fileID: 100100000}
  m_GameObject: {fileID: 117976}
  m_LocalRotation: {x: -0.036767837, y: 0.000000014959571, z: -0.0000000013135022,
    w: 0.99932384}
  m_LocalPosition: {x: -0.34965023, y: 0, z: 0}
  m_LocalScale: {x: 1, y: 1.0000001, z: 1.0000001}
  m_LocalEulerAnglesHint: {x: -4.2142, y: 0, z: 0}
  m_Children: []
  m_Father: {fileID: 410794}
  m_RootOrder: 0
--- !u!4 &468442
Transform:
  m_ObjectHideFlags: 1
  m_PrefabParentObject: {fileID: 0}
  m_PrefabInternal: {fileID: 100100000}
  m_GameObject: {fileID: 121850}
  m_LocalRotation: {x: 0.6353588, y: 0.3103516, z: 0.63535947, w: -0.3103537}
  m_LocalPosition: {x: 0.29719993, y: -0.15681103, z: -0.28217942}
  m_LocalScale: {x: 1, y: 1.0000001, z: 1.0000001}
  m_LocalEulerAnglesHint: {x: -52.0681, y: 89.999794, z: -179.9997}
  m_Children:
  - {fileID: 450272}
  m_Father: {fileID: 453658}
  m_RootOrder: 2
--- !u!4 &468460
Transform:
  m_ObjectHideFlags: 1
  m_PrefabParentObject: {fileID: 0}
  m_PrefabInternal: {fileID: 100100000}
  m_GameObject: {fileID: 138146}
  m_LocalRotation: {x: -0.000000041970313, y: 0.0000001157596, z: -0.08715578, w: 0.9961947}
  m_LocalPosition: {x: -0.65855587, y: -0.00051635737, z: -0.0000000013997777}
  m_LocalScale: {x: 1, y: 1, z: 1}
  m_LocalEulerAnglesHint: {x: 0, y: 0, z: -10}
  m_Children:
  - {fileID: 453658}
  m_Father: {fileID: 492484}
  m_RootOrder: 0
--- !u!4 &468650
Transform:
  m_ObjectHideFlags: 1
  m_PrefabParentObject: {fileID: 0}
  m_PrefabInternal: {fileID: 100100000}
  m_GameObject: {fileID: 195924}
  m_LocalRotation: {x: -0.13956003, y: 0.98130226, z: 0.11815017, w: 0.0600783}
  m_LocalPosition: {x: 0.11213354, y: 0.1754772, z: 0.7344664}
  m_LocalScale: {x: 1, y: 1, z: 1.0000001}
  m_LocalEulerAnglesHint: {x: -14.397699, y: 174.9695, z: -15.5527}
  m_Children:
  - {fileID: 432516}
  m_Father: {fileID: 403482}
  m_RootOrder: 0
--- !u!4 &470066
Transform:
  m_ObjectHideFlags: 1
  m_PrefabParentObject: {fileID: 0}
  m_PrefabInternal: {fileID: 100100000}
  m_GameObject: {fileID: 195302}
  m_LocalRotation: {x: -0.000000033241964, y: -0.0000000036056527, z: -0.11640223,
    w: 0.99320215}
  m_LocalPosition: {x: -0.11220873, y: 0, z: 0}
  m_LocalScale: {x: 1, y: 1.0000002, z: 1}
  m_LocalEulerAnglesHint: {x: 0, y: 0, z: -13.3689995}
  m_Children: []
  m_Father: {fileID: 486390}
  m_RootOrder: 0
--- !u!4 &473892
Transform:
  m_ObjectHideFlags: 1
  m_PrefabParentObject: {fileID: 0}
  m_PrefabInternal: {fileID: 100100000}
  m_GameObject: {fileID: 104414}
  m_LocalRotation: {x: -0.000000017588311, y: 0.00000004109809, z: 0.39344382, w: 0.91934866}
  m_LocalPosition: {x: -1.1409819, y: 0, z: 0.0000002441406}
  m_LocalScale: {x: 0.99999994, y: 0.99999994, z: 1}
  m_LocalEulerAnglesHint: {x: 0, y: 0, z: 46.3379}
  m_Children:
  - {fileID: 435958}
  - {fileID: 401558}
  m_Father: {fileID: 485332}
  m_RootOrder: 0
--- !u!4 &475794
Transform:
  m_ObjectHideFlags: 1
  m_PrefabParentObject: {fileID: 0}
  m_PrefabInternal: {fileID: 100100000}
  m_GameObject: {fileID: 165000}
  m_LocalRotation: {x: -0.7071068, y: 0, z: 0, w: 0.7071068}
  m_LocalPosition: {x: 0, y: 2.66, z: 2.64}
  m_LocalScale: {x: 1, y: 1, z: 1}
  m_LocalEulerAnglesHint: {x: -90, y: 0, z: 0}
  m_Children: []
  m_Father: {fileID: 460586}
  m_RootOrder: 5
--- !u!4 &478388
Transform:
  m_ObjectHideFlags: 1
  m_PrefabParentObject: {fileID: 0}
  m_PrefabInternal: {fileID: 100100000}
  m_GameObject: {fileID: 128840}
  m_LocalRotation: {x: 9.313227e-10, y: -4.0017767e-11, z: 3.7269453e-20, w: 1}
  m_LocalPosition: {x: -0.46563032, y: -0.00040856932, z: 0.0000002441406}
  m_LocalScale: {x: 1, y: 0.99999994, z: 0.99999994}
  m_LocalEulerAnglesHint: {x: 0, y: 0, z: 0}
  m_Children:
  - {fileID: 416710}
  m_Father: {fileID: 492688}
  m_RootOrder: 1
--- !u!4 &478960
Transform:
  m_ObjectHideFlags: 1
  m_PrefabParentObject: {fileID: 0}
  m_PrefabInternal: {fileID: 100100000}
  m_GameObject: {fileID: 199472}
  m_LocalRotation: {x: -0.036767792, y: -0.000000014617145, z: -0.000000007993426,
    w: 0.99932384}
  m_LocalPosition: {x: 0, y: 0, z: 0}
  m_LocalScale: {x: 0.99999994, y: 1, z: 1}
  m_LocalEulerAnglesHint: {x: -4.2142, y: 0, z: 0}
  m_Children:
  - {fileID: 410794}
  m_Father: {fileID: 462274}
  m_RootOrder: 0
--- !u!4 &479142
Transform:
  m_ObjectHideFlags: 1
  m_PrefabParentObject: {fileID: 0}
  m_PrefabInternal: {fileID: 100100000}
  m_GameObject: {fileID: 187450}
  m_LocalRotation: {x: -0.000000011627538, y: -0.0000000018916158, z: 0.46445745,
    w: 0.88559544}
  m_LocalPosition: {x: -0.7989303, y: 0, z: 0}
  m_LocalScale: {x: 1, y: 1.0000001, z: 1}
  m_LocalEulerAnglesHint: {x: 0, y: 0, z: 55.350197}
  m_Children:
  - {fileID: 457608}
  m_Father: {fileID: 491170}
  m_RootOrder: 0
--- !u!4 &485332
Transform:
  m_ObjectHideFlags: 1
  m_PrefabParentObject: {fileID: 0}
  m_PrefabInternal: {fileID: 100100000}
  m_GameObject: {fileID: 107558}
  m_LocalRotation: {x: 0.04269833, y: -0.34906632, z: 0.017489636, w: 0.93596137}
  m_LocalPosition: {x: -0.59828085, y: -0.0000001220703, z: 0}
  m_LocalScale: {x: 1, y: 1.0000001, z: 1.0000001}
  m_LocalEulerAnglesHint: {x: 5.2865996, y: -40.898197, z: 0.1686}
  m_Children:
  - {fileID: 473892}
  m_Father: {fileID: 497448}
  m_RootOrder: 0
--- !u!4 &486152
Transform:
  m_ObjectHideFlags: 1
  m_PrefabParentObject: {fileID: 0}
  m_PrefabInternal: {fileID: 100100000}
  m_GameObject: {fileID: 129964}
  m_LocalRotation: {x: 0.008550728, y: 0.042144585, z: -0.3298739, w: 0.9430451}
  m_LocalPosition: {x: -0.78354436, y: 0, z: 0}
  m_LocalScale: {x: 1, y: 1, z: 0.99999994}
  m_LocalEulerAnglesHint: {x: 2.5179, y: 4.2391, z: -38.4661}
  m_Children:
  - {fileID: 429452}
  m_Father: {fileID: 432516}
  m_RootOrder: 0
--- !u!4 &486326
Transform:
  m_ObjectHideFlags: 1
  m_PrefabParentObject: {fileID: 0}
  m_PrefabInternal: {fileID: 100100000}
  m_GameObject: {fileID: 169818}
  m_LocalRotation: {x: 0, y: 0, z: 0, w: 1}
  m_LocalPosition: {x: 0, y: 0, z: 0}
  m_LocalScale: {x: 1, y: 1, z: 1}
  m_LocalEulerAnglesHint: {x: 0, y: 0, z: 0}
  m_Children: []
  m_Father: {fileID: 460586}
  m_RootOrder: 8
--- !u!4 &486390
Transform:
  m_ObjectHideFlags: 1
  m_PrefabParentObject: {fileID: 0}
  m_PrefabInternal: {fileID: 100100000}
  m_GameObject: {fileID: 135874}
  m_LocalRotation: {x: 0.00000001795058, y: -0.000000005854576, z: -0.11640221, w: 0.9932022}
  m_LocalPosition: {x: -0.15730724, y: 0.0000002441406, z: 0.0000001220703}
  m_LocalScale: {x: 1, y: 0.9999999, z: 0.99999994}
  m_LocalEulerAnglesHint: {x: 0, y: 0, z: -13.3689995}
  m_Children:
  - {fileID: 470066}
  m_Father: {fileID: 437012}
  m_RootOrder: 0
--- !u!4 &488034
Transform:
  m_ObjectHideFlags: 1
  m_PrefabParentObject: {fileID: 0}
  m_PrefabInternal: {fileID: 100100000}
  m_GameObject: {fileID: 138520}
  m_LocalRotation: {x: 0.00000000783393, y: -0.000000002183082, z: -0.04067313, w: 0.9991725}
  m_LocalPosition: {x: -0.11080517, y: 0, z: 0}
  m_LocalScale: {x: 1.0000001, y: 1.0000002, z: 1.0000001}
  m_LocalEulerAnglesHint: {x: 0, y: 0, z: -4.6621}
  m_Children: []
  m_Father: {fileID: 444602}
  m_RootOrder: 0
--- !u!4 &488638
Transform:
  m_ObjectHideFlags: 1
  m_PrefabParentObject: {fileID: 0}
  m_PrefabInternal: {fileID: 100100000}
  m_GameObject: {fileID: 100378}
  m_LocalRotation: {x: 9.313227e-10, y: -4.0017767e-11, z: 3.7269453e-20, w: 1}
  m_LocalPosition: {x: -0.42259923, y: -0.00033654782, z: 0.0000002441406}
  m_LocalScale: {x: 1, y: 0.99999994, z: 0.99999994}
  m_LocalEulerAnglesHint: {x: 0, y: 0, z: 0}
  m_Children:
  - {fileID: 460058}
  m_Father: {fileID: 418786}
  m_RootOrder: 0
--- !u!4 &489260
Transform:
  m_ObjectHideFlags: 1
  m_PrefabParentObject: {fileID: 0}
  m_PrefabInternal: {fileID: 100100000}
  m_GameObject: {fileID: 125708}
  m_LocalRotation: {x: 9.313227e-10, y: -4.0017767e-11, z: 3.7269453e-20, w: 1}
  m_LocalPosition: {x: -0.4971238, y: -0.0003366699, z: -0.0000002441406}
  m_LocalScale: {x: 1, y: 0.99999994, z: 0.99999994}
  m_LocalEulerAnglesHint: {x: 0, y: 0, z: 0}
  m_Children:
  - {fileID: 418786}
  m_Father: {fileID: 416710}
  m_RootOrder: 0
--- !u!4 &491170
Transform:
  m_ObjectHideFlags: 1
  m_PrefabParentObject: {fileID: 0}
  m_PrefabInternal: {fileID: 100100000}
  m_GameObject: {fileID: 118866}
  m_LocalRotation: {x: -0.1395602, y: 0.9813026, z: -0.11814743, w: -0.06007799}
  m_LocalPosition: {x: 0.11213354, y: 0.17548127, z: -0.73446476}
  m_LocalScale: {x: 1.0000001, y: 1, z: 1.0000001}
  m_LocalEulerAnglesHint: {x: 14.3974, y: -174.9695, z: -15.552799}
  m_Children:
  - {fileID: 479142}
  m_Father: {fileID: 403482}
  m_RootOrder: 1
--- !u!4 &492484
Transform:
  m_ObjectHideFlags: 1
  m_PrefabParentObject: {fileID: 0}
  m_PrefabInternal: {fileID: 100100000}
  m_GameObject: {fileID: 111680}
  m_LocalRotation: {x: 2.2248423e-12, y: 0.0000001194825, z: -0.087155804, w: 0.9961947}
  m_LocalPosition: {x: -0.6585561, y: -0.0005163879, z: -0.0000000014433753}
  m_LocalScale: {x: 1, y: 1, z: 1}
  m_LocalEulerAnglesHint: {x: 0, y: 0, z: -10}
  m_Children:
  - {fileID: 468460}
  m_Father: {fileID: 403482}
  m_RootOrder: 2
--- !u!4 &492688
Transform:
  m_ObjectHideFlags: 1
  m_PrefabParentObject: {fileID: 0}
  m_PrefabInternal: {fileID: 100100000}
  m_GameObject: {fileID: 113528}
  m_LocalRotation: {x: 0.8347873, y: 0.44025254, z: 0.28636172, w: -0.16524215}
  m_LocalPosition: {x: -0.65777755, y: -0.3108562, z: 0.005195434}
  m_LocalScale: {x: -1.0000001, y: -1.0000001, z: -1}
  m_LocalEulerAnglesHint: {x: -31.8723, y: 156.9424, z: 131.0538}
  m_Children:
  - {fileID: 426618}
  - {fileID: 478388}
  m_Father: {fileID: 401558}
  m_RootOrder: 4
--- !u!4 &497448
Transform:
  m_ObjectHideFlags: 1
  m_PrefabParentObject: {fileID: 0}
  m_PrefabInternal: {fileID: 100100000}
  m_GameObject: {fileID: 112894}
  m_LocalRotation: {x: 0.63535947, y: 0.3103537, z: -0.6353588, w: 0.31035164}
  m_LocalPosition: {x: 0.2972003, y: -0.15681273, z: 0.28217807}
  m_LocalScale: {x: 1, y: 1.0000001, z: 1.0000001}
  m_LocalEulerAnglesHint: {x: 52.0681, y: -90.0002, z: 179.9997}
  m_Children:
  - {fileID: 485332}
  m_Father: {fileID: 453658}
  m_RootOrder: 1
--- !u!4 &498632
Transform:
  m_ObjectHideFlags: 1
  m_PrefabParentObject: {fileID: 0}
  m_PrefabInternal: {fileID: 100100000}
  m_GameObject: {fileID: 148402}
  m_LocalRotation: {x: 0.000000007286709, y: 0.0000000073831536, z: -0.009297371,
    w: 0.9999568}
  m_LocalPosition: {x: -0.1167799, y: 0, z: -0.0000001220703}
  m_LocalScale: {x: 0.9999998, y: 0.99999994, z: 0.99999994}
  m_LocalEulerAnglesHint: {x: 0, y: 0, z: -1.0654}
  m_Children: []
  m_Father: {fileID: 422718}
  m_RootOrder: 0
--- !u!95 &9562448
Animator:
  serializedVersion: 3
  m_ObjectHideFlags: 1
  m_PrefabParentObject: {fileID: 0}
  m_PrefabInternal: {fileID: 100100000}
  m_GameObject: {fileID: 178334}
  m_Enabled: 1
  m_Avatar: {fileID: 9000000, guid: dc14266702291224c9159fe7c8e47a81, type: 3}
  m_Controller: {fileID: 9100000, guid: 9255ab5af762e93458aaa3adf941fe4c, type: 2}
  m_CullingMode: 1
  m_UpdateMode: 0
  m_ApplyRootMotion: 0
  m_LinearVelocityBlending: 0
  m_WarningMessage: 
  m_HasTransformHierarchy: 1
  m_AllowConstantClipSamplingOptimization: 1
--- !u!95 &9571374
Animator:
  serializedVersion: 3
  m_ObjectHideFlags: 1
  m_PrefabParentObject: {fileID: 0}
  m_PrefabInternal: {fileID: 100100000}
  m_GameObject: {fileID: 178750}
  m_Enabled: 1
  m_Avatar: {fileID: 0}
  m_Controller: {fileID: 9100000, guid: 7c616c0fc6dab2948a7b02dc21cfca9c, type: 2}
  m_CullingMode: 0
  m_UpdateMode: 0
  m_ApplyRootMotion: 0
  m_LinearVelocityBlending: 0
  m_WarningMessage: 
  m_HasTransformHierarchy: 1
  m_AllowConstantClipSamplingOptimization: 1
--- !u!95 &9587210
Animator:
  serializedVersion: 3
  m_ObjectHideFlags: 1
  m_PrefabParentObject: {fileID: 0}
  m_PrefabInternal: {fileID: 100100000}
  m_GameObject: {fileID: 169818}
  m_Enabled: 1
  m_Avatar: {fileID: 0}
  m_Controller: {fileID: 9100000, guid: 6605cce65adfcc5429f8ab12719af65e, type: 2}
  m_CullingMode: 0
  m_UpdateMode: 0
  m_ApplyRootMotion: 0
  m_LinearVelocityBlending: 0
  m_WarningMessage: 
  m_HasTransformHierarchy: 1
  m_AllowConstantClipSamplingOptimization: 1
--- !u!114 &11413998
MonoBehaviour:
  m_ObjectHideFlags: 1
  m_PrefabParentObject: {fileID: 0}
  m_PrefabInternal: {fileID: 100100000}
  m_GameObject: {fileID: 169818}
  m_Enabled: 0
  m_EditorHideFlags: 0
  m_Script: {fileID: 11500000, guid: 2c4e578ff29fe1744a8395a61e98f441, type: 3}
  m_Name: 
  m_EditorClassIdentifier: 
  look: {fileID: 0}
--- !u!114 &11438434
MonoBehaviour:
  m_ObjectHideFlags: 1
  m_PrefabParentObject: {fileID: 0}
  m_PrefabInternal: {fileID: 100100000}
  m_GameObject: {fileID: 178334}
  m_Enabled: 1
  m_EditorHideFlags: 0
  m_Script: {fileID: 11500000, guid: ef9417a4d765ba84fb9702a8fe070276, type: 3}
  m_Name: 
  m_EditorClassIdentifier: 
  HitArea: {fileID: 414104}
  HitRange: {fileID: 463330}
  PointerFocus: {fileID: 475794}
  InfoHelper: {fileID: 428480}
  SelectorSize: {x: 0, y: 0}
  PreviewAnimation: {fileID: 418444}
  DeadCinematic: {fileID: 486326}
--- !u!114 &11444988
MonoBehaviour:
  m_ObjectHideFlags: 1
  m_PrefabParentObject: {fileID: 0}
  m_PrefabInternal: {fileID: 100100000}
  m_GameObject: {fileID: 178334}
  m_Enabled: 1
  m_EditorHideFlags: 0
  m_Script: {fileID: 11500000, guid: e1b4388daa4582b45817a892986eeaf2, type: 3}
  m_Name: 
  m_EditorClassIdentifier: 
--- !u!114 &11466964
MonoBehaviour:
  m_ObjectHideFlags: 1
  m_PrefabParentObject: {fileID: 0}
  m_PrefabInternal: {fileID: 100100000}
  m_GameObject: {fileID: 178334}
  m_Enabled: 1
  m_EditorHideFlags: 0
  m_Script: {fileID: 11500000, guid: 546c7a553b570964aaa676192ef60105, type: 3}
  m_Name: 
  m_EditorClassIdentifier: 
  AttributeInfoText: 
  InfoText: 
--- !u!114 &11471802
MonoBehaviour:
  m_ObjectHideFlags: 1
  m_PrefabParentObject: {fileID: 0}
  m_PrefabInternal: {fileID: 100100000}
  m_GameObject: {fileID: 178334}
  m_Enabled: 1
  m_EditorHideFlags: 0
  m_Script: {fileID: 11500000, guid: 5e024dbfc1f932b49994c5ffc3f85659, type: 3}
  m_Name: 
  m_EditorClassIdentifier: 
  _ID: CB-01
  _Name: Klahmaran
  _Type: 2
  _EncounterClass: 1
  MonsterSize: 3
  _Items: []
  _Magics:
    _MagicPresets: []
    MaxMagicPreset: 16
  _Skills: []
  Exp: 0
  Level: 0
  AverageAttribute: 1
  enemyType: 6
  counterData: []
  counterDataAlly: []
  _AIEncounter:
  - Chance: 60
    Action: 0
    CommandValues: 0
    TargetCondition: 0
    TargetType: 1
    FormationType: 0
  - Chance: 20
    Action: 3
    CommandValues: 1
    TargetCondition: 17
    TargetType: 3
    FormationType: 0
  - Chance: 50
    Action: 3
    CommandValues: 2
    TargetCondition: 5
    TargetType: 1
    FormationType: 0
  - Chance: 60
    Action: 2
    CommandValues: 1
    TargetCondition: 0
    TargetType: 1
    FormationType: 4
  - Chance: 50
    Action: 1
    CommandValues: 0
    TargetCondition: 0
    TargetType: 1
    FormationType: 0
  - Chance: 40
    Action: 1
    CommandValues: 1
    TargetCondition: 0
    TargetType: 1
    FormationType: 4
  EncForm:
    Monster:
      ID: 
      Name: 
      Description: 
      baseExp: 0
      baseLevel: 0
      HealthModifier: 0
      IsFlying: 0
      IsAntiPhysical: 0
      IsAntiMagic: 0
      Class: 0
      Element: 0
      Projectile: 0
      MonsterSize: 0
      Weapon: 2
      Armor: 0
      EnemyType: 0
      Attribute:
        Name: 
        AttributeGrowth: []
      PrefabName: 
      EncounterBaseAttributes: []
      BattleGrowth: []
      EncounterMagics: []
      OffensiveBattleSkills: []
      EncounterItems: []
      EncounterLoots: []
      IsResistDebuff: 0
      DebuffException: 
      BattlerScript: 
    MonsterLvl: 0
    ReplaceHealth: 0
    HealthMonster: 0
    Position: {x: 0, y: 1}
    ReplaceAttributes: 0
    EncounterBaseAttributes: []
  ResistDebuff: 0
  ResistException: 
  BattlerScript: 
--- !u!114 &11481946
MonoBehaviour:
  m_ObjectHideFlags: 1
  m_PrefabParentObject: {fileID: 0}
  m_PrefabInternal: {fileID: 100100000}
  m_GameObject: {fileID: 178750}
  m_Enabled: 1
  m_EditorHideFlags: 0
  m_Script: {fileID: 11500000, guid: f6dd4d1a6ba8ec441aeea2a22a8a9bf0, type: 3}
  m_Name: 
  m_EditorClassIdentifier: 
  battler: {fileID: 0}
--- !u!114 &11494636
MonoBehaviour:
  m_ObjectHideFlags: 1
  m_PrefabParentObject: {fileID: 0}
  m_PrefabInternal: {fileID: 100100000}
  m_GameObject: {fileID: 169818}
  m_Enabled: 1
  m_EditorHideFlags: 0
  m_Script: {fileID: 11500000, guid: 62aeb0d13372f4a48ba16ec0d2c870ae, type: 3}
  m_Name: 
  m_EditorClassIdentifier: 
  battler: {fileID: 0}
--- !u!137 &13738758
SkinnedMeshRenderer:
  m_ObjectHideFlags: 1
  m_PrefabParentObject: {fileID: 0}
  m_PrefabInternal: {fileID: 100100000}
  m_GameObject: {fileID: 164676}
  m_Enabled: 1
  m_CastShadows: 1
  m_ReceiveShadows: 1
  m_Materials:
  - {fileID: 2100000, guid: ca952e360d89b5640806096afd8d704b, type: 2}
  m_SubsetIndices: 
  m_StaticBatchRoot: {fileID: 0}
  m_UseLightProbes: 1
  m_ReflectionProbeUsage: 1
  m_ProbeAnchor: {fileID: 0}
  m_ScaleInLightmap: 1
  m_PreserveUVs: 0
  m_IgnoreNormalsForChartDetection: 0
  m_ImportantGI: 0
  m_MinimumChartSize: 4
  m_AutoUVMaxDistance: 0.5
  m_AutoUVMaxAngle: 89
  m_LightmapParameters: {fileID: 0}
  m_SortingLayerID: 0
  m_SortingOrder: 0
  serializedVersion: 2
  m_Quality: 0
  m_UpdateWhenOffscreen: 0
  m_Mesh: {fileID: 4300002, guid: dc14266702291224c9159fe7c8e47a81, type: 3}
  m_Bones:
  - {fileID: 416072}
  - {fileID: 488638}
  - {fileID: 418786}
  - {fileID: 489260}
  - {fileID: 460058}
  - {fileID: 416710}
  - {fileID: 478388}
  - {fileID: 492688}
  - {fileID: 426618}
  - {fileID: 401886}
  m_BlendShapeWeights: []
  m_RootBone: {fileID: 492688}
  m_AABB:
    m_Center: {x: -2.251039, y: 0.007474959, z: 0.052441955}
    m_Extent: {x: 3.2597284, y: 0.5974802, z: 0.6888012}
  m_DirtyAABB: 0
--- !u!137 &13754928
SkinnedMeshRenderer:
  m_ObjectHideFlags: 1
  m_PrefabParentObject: {fileID: 0}
  m_PrefabInternal: {fileID: 100100000}
  m_GameObject: {fileID: 188990}
  m_Enabled: 1
  m_CastShadows: 1
  m_ReceiveShadows: 1
  m_Materials:
  - {fileID: 2100000, guid: ca952e360d89b5640806096afd8d704b, type: 2}
  m_SubsetIndices: 
  m_StaticBatchRoot: {fileID: 0}
  m_UseLightProbes: 1
  m_ReflectionProbeUsage: 1
  m_ProbeAnchor: {fileID: 0}
  m_ScaleInLightmap: 1
  m_PreserveUVs: 0
  m_IgnoreNormalsForChartDetection: 0
  m_ImportantGI: 0
  m_MinimumChartSize: 4
  m_AutoUVMaxDistance: 0.5
  m_AutoUVMaxAngle: 89
  m_LightmapParameters: {fileID: 0}
  m_SortingLayerID: 0
  m_SortingOrder: 0
  serializedVersion: 2
  m_Quality: 0
  m_UpdateWhenOffscreen: 0
  m_Mesh: {fileID: 4300000, guid: dc14266702291224c9159fe7c8e47a81, type: 3}
  m_Bones:
  - {fileID: 444340}
  - {fileID: 497448}
  - {fileID: 468442}
  - {fileID: 403482}
  - {fileID: 492484}
  - {fileID: 468460}
  - {fileID: 420200}
  - {fileID: 405698}
  - {fileID: 430688}
  - {fileID: 454026}
  - {fileID: 453658}
  - {fileID: 450272}
  - {fileID: 485332}
  - {fileID: 441678}
  - {fileID: 444602}
  - {fileID: 473892}
  - {fileID: 401558}
  - {fileID: 488034}
  - {fileID: 492688}
  - {fileID: 426618}
  - {fileID: 416610}
  - {fileID: 422332}
  - {fileID: 443566}
  - {fileID: 441256}
  - {fileID: 462626}
  - {fileID: 442130}
  - {fileID: 431458}
  - {fileID: 436110}
  - {fileID: 447948}
  - {fileID: 468650}
  - {fileID: 427534}
  - {fileID: 459190}
  - {fileID: 435958}
  - {fileID: 417686}
  - {fileID: 443644}
  - {fileID: 491170}
  - {fileID: 432516}
  - {fileID: 486152}
  - {fileID: 479142}
  - {fileID: 462274}
  - {fileID: 457608}
  - {fileID: 449036}
  - {fileID: 408286}
  - {fileID: 463076}
  - {fileID: 433072}
  - {fileID: 437012}
  - {fileID: 486390}
  - {fileID: 438176}
  - {fileID: 498632}
  - {fileID: 422718}
  - {fileID: 470066}
  - {fileID: 408668}
  - {fileID: 413930}
  - {fileID: 450246}
  - {fileID: 465364}
  - {fileID: 478960}
  - {fileID: 410794}
  - {fileID: 428574}
  - {fileID: 429452}
  m_BlendShapeWeights: []
  m_RootBone: {fileID: 443644}
  m_AABB:
    m_Center: {x: -0.0456841, y: -0.004359126, z: 0.5867616}
    m_Extent: {x: 1.4279835, y: 2.68925, z: 2.2790642}
  m_DirtyAABB: 0
--- !u!1001 &100100000
Prefab:
  m_ObjectHideFlags: 1
  serializedVersion: 2
  m_Modification:
    m_TransformParent: {fileID: 0}
    m_Modifications: []
    m_RemovedComponents: []
  m_ParentPrefab: {fileID: 0}
  m_RootGameObject: {fileID: 178334}
  m_IsPrefabParent: 1
