%YAML 1.1
%TAG !u! tag:unity3d.com,2011:
--- !u!1 &100546
GameObject:
  m_ObjectHideFlags: 1
  m_PrefabParentObject: {fileID: 0}
  m_PrefabInternal: {fileID: 100100000}
  serializedVersion: 4
  m_Component:
  - 4: {fileID: 457406}
  m_Layer: 0
  m_Name: Bip001 Xtra09Opp03
  m_TagString: Untagged
  m_Icon: {fileID: 0}
  m_NavMeshLayer: 0
  m_StaticEditorFlags: 0
  m_IsActive: 1
--- !u!1 &100690
GameObject:
  m_ObjectHideFlags: 1
  m_PrefabParentObject: {fileID: 0}
  m_PrefabInternal: {fileID: 100100000}
  serializedVersion: 4
  m_Component:
  - 4: {fileID: 447518}
  m_Layer: 0
  m_Name: Bip001 Xtra08Opp
  m_TagString: Untagged
  m_Icon: {fileID: 0}
  m_NavMeshLayer: 0
  m_StaticEditorFlags: 0
  m_IsActive: 1
--- !u!1 &101708
GameObject:
  m_ObjectHideFlags: 1
  m_PrefabParentObject: {fileID: 0}
  m_PrefabInternal: {fileID: 100100000}
  serializedVersion: 4
  m_Component:
  - 4: {fileID: 460566}
  m_Layer: 0
  m_Name: Bip001 Spine
  m_TagString: Untagged
  m_Icon: {fileID: 0}
  m_NavMeshLayer: 0
  m_StaticEditorFlags: 0
  m_IsActive: 1
--- !u!1 &105920
GameObject:
  m_ObjectHideFlags: 1
  m_PrefabParentObject: {fileID: 0}
  m_PrefabInternal: {fileID: 100100000}
  serializedVersion: 4
  m_Component:
  - 4: {fileID: 454562}
  m_Layer: 0
  m_Name: Bip001 Tail1
  m_TagString: Untagged
  m_Icon: {fileID: 0}
  m_NavMeshLayer: 0
  m_StaticEditorFlags: 0
  m_IsActive: 1
--- !u!1 &107004
GameObject:
  m_ObjectHideFlags: 1
  m_PrefabParentObject: {fileID: 0}
  m_PrefabInternal: {fileID: 100100000}
  serializedVersion: 4
  m_Component:
  - 4: {fileID: 455222}
  m_Layer: 0
  m_Name: Bip001 Xtra0203
  m_TagString: Untagged
  m_Icon: {fileID: 0}
  m_NavMeshLayer: 0
  m_StaticEditorFlags: 0
  m_IsActive: 1
--- !u!1 &109990
GameObject:
  m_ObjectHideFlags: 1
  m_PrefabParentObject: {fileID: 0}
  m_PrefabInternal: {fileID: 100100000}
  serializedVersion: 4
  m_Component:
  - 4: {fileID: 412656}
  m_Layer: 0
  m_Name: Bip001 Xtra05Opp02
  m_TagString: Untagged
  m_Icon: {fileID: 0}
  m_NavMeshLayer: 0
  m_StaticEditorFlags: 0
  m_IsActive: 1
--- !u!1 &110626
GameObject:
  m_ObjectHideFlags: 0
  m_PrefabParentObject: {fileID: 0}
  m_PrefabInternal: {fileID: 100100000}
  serializedVersion: 4
  m_Component:
  - 4: {fileID: 421946}
  - 95: {fileID: 9560292}
  - 114: {fileID: 11478180}
  - 65: {fileID: 6502492}
  - 114: {fileID: 11412880}
  - 114: {fileID: 11496002}
  - 114: {fileID: 11405560}
  - 114: {fileID: 11468734}
  m_Layer: 0
  m_Name: CR-04-A
  m_TagString: Untagged
  m_Icon: {fileID: 0}
  m_NavMeshLayer: 0
  m_StaticEditorFlags: 0
  m_IsActive: 1
--- !u!1 &110846
GameObject:
  m_ObjectHideFlags: 1
  m_PrefabParentObject: {fileID: 0}
  m_PrefabInternal: {fileID: 100100000}
  serializedVersion: 4
  m_Component:
  - 4: {fileID: 404782}
  m_Layer: 0
  m_Name: Bip001 Xtra04Opp02
  m_TagString: Untagged
  m_Icon: {fileID: 0}
  m_NavMeshLayer: 0
  m_StaticEditorFlags: 0
  m_IsActive: 1
--- !u!1 &115038
GameObject:
  m_ObjectHideFlags: 1
  m_PrefabParentObject: {fileID: 0}
  m_PrefabInternal: {fileID: 100100000}
  serializedVersion: 4
  m_Component:
  - 4: {fileID: 401550}
  m_Layer: 0
  m_Name: Bip001 Xtra0102
  m_TagString: Untagged
  m_Icon: {fileID: 0}
  m_NavMeshLayer: 0
  m_StaticEditorFlags: 0
  m_IsActive: 1
--- !u!1 &118160
GameObject:
  m_ObjectHideFlags: 1
  m_PrefabParentObject: {fileID: 0}
  m_PrefabInternal: {fileID: 100100000}
  serializedVersion: 4
  m_Component:
  - 4: {fileID: 476784}
  m_Layer: 0
  m_Name: Bip001 Neck
  m_TagString: Untagged
  m_Icon: {fileID: 0}
  m_NavMeshLayer: 0
  m_StaticEditorFlags: 0
  m_IsActive: 1
--- !u!1 &124792
GameObject:
  m_ObjectHideFlags: 1
  m_PrefabParentObject: {fileID: 0}
  m_PrefabInternal: {fileID: 100100000}
  serializedVersion: 4
  m_Component:
  - 4: {fileID: 444636}
  m_Layer: 0
  m_Name: Bip001 Xtra05Opp
  m_TagString: Untagged
  m_Icon: {fileID: 0}
  m_NavMeshLayer: 0
  m_StaticEditorFlags: 0
  m_IsActive: 1
--- !u!1 &127346
GameObject:
  m_ObjectHideFlags: 1
  m_PrefabParentObject: {fileID: 0}
  m_PrefabInternal: {fileID: 100100000}
  serializedVersion: 4
  m_Component:
  - 4: {fileID: 432662}
  m_Layer: 0
  m_Name: Bip001 Xtra0402
  m_TagString: Untagged
  m_Icon: {fileID: 0}
  m_NavMeshLayer: 0
  m_StaticEditorFlags: 0
  m_IsActive: 1
--- !u!1 &132024
GameObject:
  m_ObjectHideFlags: 1
  m_PrefabParentObject: {fileID: 0}
  m_PrefabInternal: {fileID: 100100000}
  serializedVersion: 4
  m_Component:
  - 4: {fileID: 496560}
  m_Layer: 0
  m_Name: Bip001 Xtra04
  m_TagString: Untagged
  m_Icon: {fileID: 0}
  m_NavMeshLayer: 0
  m_StaticEditorFlags: 0
  m_IsActive: 1
--- !u!1 &137586
GameObject:
  m_ObjectHideFlags: 1
  m_PrefabParentObject: {fileID: 0}
  m_PrefabInternal: {fileID: 100100000}
  serializedVersion: 4
  m_Component:
  - 4: {fileID: 482106}
  m_Layer: 0
  m_Name: Bip001 Xtra02Opp03
  m_TagString: Untagged
  m_Icon: {fileID: 0}
  m_NavMeshLayer: 0
  m_StaticEditorFlags: 0
  m_IsActive: 1
--- !u!1 &138178
GameObject:
  m_ObjectHideFlags: 1
  m_PrefabParentObject: {fileID: 0}
  m_PrefabInternal: {fileID: 100100000}
  serializedVersion: 4
  m_Component:
  - 4: {fileID: 486312}
  m_Layer: 0
  m_Name: Bip001 Xtra01
  m_TagString: Untagged
  m_Icon: {fileID: 0}
  m_NavMeshLayer: 0
  m_StaticEditorFlags: 0
  m_IsActive: 1
--- !u!1 &140752
GameObject:
  m_ObjectHideFlags: 1
  m_PrefabParentObject: {fileID: 0}
  m_PrefabInternal: {fileID: 100100000}
  serializedVersion: 4
  m_Component:
  - 4: {fileID: 416998}
  m_Layer: 0
  m_Name: Bip001 Xtra0202
  m_TagString: Untagged
  m_Icon: {fileID: 0}
  m_NavMeshLayer: 0
  m_StaticEditorFlags: 0
  m_IsActive: 1
--- !u!1 &141200
GameObject:
  m_ObjectHideFlags: 1
  m_PrefabParentObject: {fileID: 0}
  m_PrefabInternal: {fileID: 100100000}
  serializedVersion: 4
  m_Component:
  - 4: {fileID: 466872}
  m_Layer: 0
  m_Name: Bip001 Xtra0602
  m_TagString: Untagged
  m_Icon: {fileID: 0}
  m_NavMeshLayer: 0
  m_StaticEditorFlags: 0
  m_IsActive: 1
--- !u!1 &142330
GameObject:
  m_ObjectHideFlags: 0
  m_PrefabParentObject: {fileID: 0}
  m_PrefabInternal: {fileID: 100100000}
  serializedVersion: 4
  m_Component:
  - 4: {fileID: 454554}
  - 95: {fileID: 9518198}
  m_Layer: 0
  m_Name: Cre_Kutu_Model
  m_TagString: Untagged
  m_Icon: {fileID: 0}
  m_NavMeshLayer: 0
  m_StaticEditorFlags: 0
  m_IsActive: 1
--- !u!1 &142600
GameObject:
  m_ObjectHideFlags: 1
  m_PrefabParentObject: {fileID: 0}
  m_PrefabInternal: {fileID: 100100000}
  serializedVersion: 4
  m_Component:
  - 4: {fileID: 473018}
  m_Layer: 0
  m_Name: Bip001 Xtra0703
  m_TagString: Untagged
  m_Icon: {fileID: 0}
  m_NavMeshLayer: 0
  m_StaticEditorFlags: 0
  m_IsActive: 1
--- !u!1 &143770
GameObject:
  m_ObjectHideFlags: 1
  m_PrefabParentObject: {fileID: 0}
  m_PrefabInternal: {fileID: 100100000}
  serializedVersion: 4
  m_Component:
  - 4: {fileID: 403682}
  m_Layer: 0
  m_Name: Bip001 Xtra09Opp
  m_TagString: Untagged
  m_Icon: {fileID: 0}
  m_NavMeshLayer: 0
  m_StaticEditorFlags: 0
  m_IsActive: 1
--- !u!1 &144224
GameObject:
  m_ObjectHideFlags: 1
  m_PrefabParentObject: {fileID: 0}
  m_PrefabInternal: {fileID: 100100000}
  serializedVersion: 4
  m_Component:
  - 4: {fileID: 493892}
  m_Layer: 0
  m_Name: Bip001 Xtra08Opp03
  m_TagString: Untagged
  m_Icon: {fileID: 0}
  m_NavMeshLayer: 0
  m_StaticEditorFlags: 0
  m_IsActive: 1
--- !u!1 &144924
GameObject:
  m_ObjectHideFlags: 1
  m_PrefabParentObject: {fileID: 0}
  m_PrefabInternal: {fileID: 100100000}
  serializedVersion: 4
  m_Component:
  - 4: {fileID: 484848}
  m_Layer: 0
  m_Name: Bip001 Xtra0302
  m_TagString: Untagged
  m_Icon: {fileID: 0}
  m_NavMeshLayer: 0
  m_StaticEditorFlags: 0
  m_IsActive: 1
--- !u!1 &145568
GameObject:
  m_ObjectHideFlags: 1
  m_PrefabParentObject: {fileID: 0}
  m_PrefabInternal: {fileID: 100100000}
  serializedVersion: 4
  m_Component:
  - 4: {fileID: 405208}
  m_Layer: 0
  m_Name: Bip001 Xtra08Opp04
  m_TagString: Untagged
  m_Icon: {fileID: 0}
  m_NavMeshLayer: 0
  m_StaticEditorFlags: 0
  m_IsActive: 1
--- !u!1 &146456
GameObject:
  m_ObjectHideFlags: 1
  m_PrefabParentObject: {fileID: 0}
  m_PrefabInternal: {fileID: 100100000}
  serializedVersion: 4
  m_Component:
  - 4: {fileID: 428538}
  m_Layer: 0
  m_Name: Bip001 Xtra0604
  m_TagString: Untagged
  m_Icon: {fileID: 0}
  m_NavMeshLayer: 0
  m_StaticEditorFlags: 0
  m_IsActive: 1
--- !u!1 &147074
GameObject:
  m_ObjectHideFlags: 1
  m_PrefabParentObject: {fileID: 0}
  m_PrefabInternal: {fileID: 100100000}
  serializedVersion: 4
  m_Component:
  - 4: {fileID: 483274}
  m_Layer: 0
  m_Name: Bip001 Xtra0902
  m_TagString: Untagged
  m_Icon: {fileID: 0}
  m_NavMeshLayer: 0
  m_StaticEditorFlags: 0
  m_IsActive: 1
--- !u!1 &147178
GameObject:
  m_ObjectHideFlags: 1
  m_PrefabParentObject: {fileID: 0}
  m_PrefabInternal: {fileID: 100100000}
  serializedVersion: 4
  m_Component:
  - 4: {fileID: 449490}
  m_Layer: 0
  m_Name: Bip001 Xtra05Opp03
  m_TagString: Untagged
  m_Icon: {fileID: 0}
  m_NavMeshLayer: 0
  m_StaticEditorFlags: 0
  m_IsActive: 1
--- !u!1 &148902
GameObject:
  m_ObjectHideFlags: 1
  m_PrefabParentObject: {fileID: 0}
  m_PrefabInternal: {fileID: 100100000}
  serializedVersion: 4
  m_Component:
  - 4: {fileID: 464886}
  m_Layer: 0
  m_Name: Bip001 Tail
  m_TagString: Untagged
  m_Icon: {fileID: 0}
  m_NavMeshLayer: 0
  m_StaticEditorFlags: 0
  m_IsActive: 1
--- !u!1 &151638
GameObject:
  m_ObjectHideFlags: 1
  m_PrefabParentObject: {fileID: 0}
  m_PrefabInternal: {fileID: 100100000}
  serializedVersion: 4
  m_Component:
  - 4: {fileID: 472390}
  m_Layer: 0
  m_Name: Bip001 Xtra0702
  m_TagString: Untagged
  m_Icon: {fileID: 0}
  m_NavMeshLayer: 0
  m_StaticEditorFlags: 0
  m_IsActive: 1
--- !u!1 &153840
GameObject:
  m_ObjectHideFlags: 1
  m_PrefabParentObject: {fileID: 0}
  m_PrefabInternal: {fileID: 100100000}
  serializedVersion: 4
  m_Component:
  - 4: {fileID: 492002}
  m_Layer: 0
  m_Name: Bip001 Pelvis
  m_TagString: Untagged
  m_Icon: {fileID: 0}
  m_NavMeshLayer: 0
  m_StaticEditorFlags: 0
  m_IsActive: 1
--- !u!1 &154244
GameObject:
  m_ObjectHideFlags: 1
  m_PrefabParentObject: {fileID: 0}
  m_PrefabInternal: {fileID: 100100000}
  serializedVersion: 4
  m_Component:
  - 4: {fileID: 413984}
  m_Layer: 0
  m_Name: Bip001 Xtra0803
  m_TagString: Untagged
  m_Icon: {fileID: 0}
  m_NavMeshLayer: 0
  m_StaticEditorFlags: 0
  m_IsActive: 1
--- !u!1 &154932
GameObject:
  m_ObjectHideFlags: 1
  m_PrefabParentObject: {fileID: 0}
  m_PrefabInternal: {fileID: 100100000}
  serializedVersion: 4
  m_Component:
  - 4: {fileID: 418274}
  m_Layer: 0
  m_Name: Bip001 Head
  m_TagString: Untagged
  m_Icon: {fileID: 0}
  m_NavMeshLayer: 0
  m_StaticEditorFlags: 0
  m_IsActive: 1
--- !u!1 &155038
GameObject:
  m_ObjectHideFlags: 1
  m_PrefabParentObject: {fileID: 0}
  m_PrefabInternal: {fileID: 100100000}
  serializedVersion: 4
  m_Component:
  - 4: {fileID: 468224}
  m_Layer: 0
  m_Name: Bip001 Xtra0804
  m_TagString: Untagged
  m_Icon: {fileID: 0}
  m_NavMeshLayer: 0
  m_StaticEditorFlags: 0
  m_IsActive: 1
--- !u!1 &155452
GameObject:
  m_ObjectHideFlags: 1
  m_PrefabParentObject: {fileID: 0}
  m_PrefabInternal: {fileID: 100100000}
  serializedVersion: 4
  m_Component:
  - 4: {fileID: 491230}
  m_Layer: 0
  m_Name: Bip001 Xtra03
  m_TagString: Untagged
  m_Icon: {fileID: 0}
  m_NavMeshLayer: 0
  m_StaticEditorFlags: 0
  m_IsActive: 1
--- !u!1 &156200
GameObject:
  m_ObjectHideFlags: 1
  m_PrefabParentObject: {fileID: 0}
  m_PrefabInternal: {fileID: 100100000}
  serializedVersion: 4
  m_Component:
  - 4: {fileID: 436072}
  m_Layer: 0
  m_Name: Bip001 Xtra03Opp
  m_TagString: Untagged
  m_Icon: {fileID: 0}
  m_NavMeshLayer: 0
  m_StaticEditorFlags: 0
  m_IsActive: 1
--- !u!1 &156292
GameObject:
  m_ObjectHideFlags: 1
  m_PrefabParentObject: {fileID: 0}
  m_PrefabInternal: {fileID: 100100000}
  serializedVersion: 4
  m_Component:
  - 4: {fileID: 487644}
  m_Layer: 0
  m_Name: Bip001 Xtra08Opp02
  m_TagString: Untagged
  m_Icon: {fileID: 0}
  m_NavMeshLayer: 0
  m_StaticEditorFlags: 0
  m_IsActive: 1
--- !u!1 &156748
GameObject:
  m_ObjectHideFlags: 1
  m_PrefabParentObject: {fileID: 0}
  m_PrefabInternal: {fileID: 100100000}
  serializedVersion: 4
  m_Component:
  - 4: {fileID: 496076}
  m_Layer: 0
  m_Name: Bip001 Xtra03Opp02
  m_TagString: Untagged
  m_Icon: {fileID: 0}
  m_NavMeshLayer: 0
  m_StaticEditorFlags: 0
  m_IsActive: 1
--- !u!1 &159124
GameObject:
  m_ObjectHideFlags: 1
  m_PrefabParentObject: {fileID: 0}
  m_PrefabInternal: {fileID: 100100000}
  serializedVersion: 4
  m_Component:
  - 4: {fileID: 413592}
  m_Layer: 0
  m_Name: Bip001 Xtra0403
  m_TagString: Untagged
  m_Icon: {fileID: 0}
  m_NavMeshLayer: 0
  m_StaticEditorFlags: 0
  m_IsActive: 1
--- !u!1 &160000
GameObject:
  m_ObjectHideFlags: 1
  m_PrefabParentObject: {fileID: 0}
  m_PrefabInternal: {fileID: 100100000}
  serializedVersion: 4
  m_Component:
  - 4: {fileID: 483198}
  m_Layer: 0
  m_Name: Bip001 Xtra02Opp02
  m_TagString: Untagged
  m_Icon: {fileID: 0}
  m_NavMeshLayer: 0
  m_StaticEditorFlags: 0
  m_IsActive: 1
--- !u!1 &160546
GameObject:
  m_ObjectHideFlags: 1
  m_PrefabParentObject: {fileID: 0}
  m_PrefabInternal: {fileID: 100100000}
  serializedVersion: 4
  m_Component:
  - 4: {fileID: 482378}
  m_Layer: 0
  m_Name: Bip001 Xtra04Opp03
  m_TagString: Untagged
  m_Icon: {fileID: 0}
  m_NavMeshLayer: 0
  m_StaticEditorFlags: 0
  m_IsActive: 1
--- !u!1 &161302
GameObject:
  m_ObjectHideFlags: 1
  m_PrefabParentObject: {fileID: 0}
  m_PrefabInternal: {fileID: 100100000}
  serializedVersion: 4
  m_Component:
  - 4: {fileID: 465960}
  m_Layer: 0
  m_Name: Bip001 Xtra0103
  m_TagString: Untagged
  m_Icon: {fileID: 0}
  m_NavMeshLayer: 0
  m_StaticEditorFlags: 0
  m_IsActive: 1
--- !u!1 &165220
GameObject:
  m_ObjectHideFlags: 1
  m_PrefabParentObject: {fileID: 0}
  m_PrefabInternal: {fileID: 100100000}
  serializedVersion: 4
  m_Component:
  - 4: {fileID: 427342}
  m_Layer: 0
  m_Name: Bip001 Xtra0503
  m_TagString: Untagged
  m_Icon: {fileID: 0}
  m_NavMeshLayer: 0
  m_StaticEditorFlags: 0
  m_IsActive: 1
--- !u!1 &165222
GameObject:
  m_ObjectHideFlags: 0
  m_PrefabParentObject: {fileID: 0}
  m_PrefabInternal: {fileID: 100100000}
  serializedVersion: 4
  m_Component:
  - 4: {fileID: 481260}
  m_Layer: 0
  m_Name: HLP_Focus_Camera
  m_TagString: Untagged
  m_Icon: {fileID: 0}
  m_NavMeshLayer: 0
  m_StaticEditorFlags: 0
  m_IsActive: 1
--- !u!1 &165672
GameObject:
  m_ObjectHideFlags: 1
  m_PrefabParentObject: {fileID: 0}
  m_PrefabInternal: {fileID: 100100000}
  serializedVersion: 4
  m_Component:
  - 4: {fileID: 466934}
  m_Layer: 0
  m_Name: Bip001 Xtra04Opp
  m_TagString: Untagged
  m_Icon: {fileID: 0}
  m_NavMeshLayer: 0
  m_StaticEditorFlags: 0
  m_IsActive: 1
--- !u!1 &165818
GameObject:
  m_ObjectHideFlags: 1
  m_PrefabParentObject: {fileID: 0}
  m_PrefabInternal: {fileID: 100100000}
  serializedVersion: 4
  m_Component:
  - 4: {fileID: 429342}
  m_Layer: 0
  m_Name: Bip001 Xtra01Opp02
  m_TagString: Untagged
  m_Icon: {fileID: 0}
  m_NavMeshLayer: 0
  m_StaticEditorFlags: 0
  m_IsActive: 1
--- !u!1 &165902
GameObject:
  m_ObjectHideFlags: 1
  m_PrefabParentObject: {fileID: 0}
  m_PrefabInternal: {fileID: 100100000}
  serializedVersion: 4
  m_Component:
  - 4: {fileID: 432350}
  m_Layer: 0
  m_Name: HLP_Hit_Area
  m_TagString: Untagged
  m_Icon: {fileID: 0}
  m_NavMeshLayer: 0
  m_StaticEditorFlags: 0
  m_IsActive: 1
--- !u!1 &167406
GameObject:
  m_ObjectHideFlags: 1
  m_PrefabParentObject: {fileID: 0}
  m_PrefabInternal: {fileID: 100100000}
  serializedVersion: 4
  m_Component:
  - 4: {fileID: 420976}
  m_Layer: 0
  m_Name: Bip001 Xtra09Opp02
  m_TagString: Untagged
  m_Icon: {fileID: 0}
  m_NavMeshLayer: 0
  m_StaticEditorFlags: 0
  m_IsActive: 1
--- !u!1 &168024
GameObject:
  m_ObjectHideFlags: 1
  m_PrefabParentObject: {fileID: 0}
  m_PrefabInternal: {fileID: 100100000}
  serializedVersion: 4
  m_Component:
  - 4: {fileID: 491310}
  m_Layer: 0
  m_Name: Bip001 Xtra09Opp04
  m_TagString: Untagged
  m_Icon: {fileID: 0}
  m_NavMeshLayer: 0
  m_StaticEditorFlags: 0
  m_IsActive: 1
--- !u!1 &168710
GameObject:
  m_ObjectHideFlags: 0
  m_PrefabParentObject: {fileID: 0}
  m_PrefabInternal: {fileID: 100100000}
  serializedVersion: 4
  m_Component:
  - 4: {fileID: 444940}
  m_Layer: 0
  m_Name: HLP_Hit_Range
  m_TagString: Untagged
  m_Icon: {fileID: 0}
  m_NavMeshLayer: 0
  m_StaticEditorFlags: 0
  m_IsActive: 1
--- !u!1 &170980
GameObject:
  m_ObjectHideFlags: 1
  m_PrefabParentObject: {fileID: 0}
  m_PrefabInternal: {fileID: 100100000}
  serializedVersion: 4
  m_Component:
  - 4: {fileID: 450666}
  m_Layer: 0
  m_Name: Bip001 Xtra07Opp03
  m_TagString: Untagged
  m_Icon: {fileID: 0}
  m_NavMeshLayer: 0
  m_StaticEditorFlags: 0
  m_IsActive: 1
--- !u!1 &172900
GameObject:
  m_ObjectHideFlags: 0
  m_PrefabParentObject: {fileID: 0}
  m_PrefabInternal: {fileID: 100100000}
  serializedVersion: 4
  m_Component:
  - 4: {fileID: 493654}
  m_Layer: 0
  m_Name: HLP_Hit_Area
  m_TagString: Untagged
  m_Icon: {fileID: 0}
  m_NavMeshLayer: 0
  m_StaticEditorFlags: 0
  m_IsActive: 1
--- !u!1 &174342
GameObject:
  m_ObjectHideFlags: 1
  m_PrefabParentObject: {fileID: 0}
  m_PrefabInternal: {fileID: 100100000}
  serializedVersion: 4
  m_Component:
  - 4: {fileID: 434226}
  m_Layer: 0
  m_Name: HLP_Hit_Range
  m_TagString: Untagged
  m_Icon: {fileID: 0}
  m_NavMeshLayer: 0
  m_StaticEditorFlags: 0
  m_IsActive: 1
--- !u!1 &175816
GameObject:
  m_ObjectHideFlags: 1
  m_PrefabParentObject: {fileID: 0}
  m_PrefabInternal: {fileID: 100100000}
  serializedVersion: 4
  m_Component:
  - 4: {fileID: 478364}
  m_Layer: 0
  m_Name: Bip001 Xtra02
  m_TagString: Untagged
  m_Icon: {fileID: 0}
  m_NavMeshLayer: 0
  m_StaticEditorFlags: 0
  m_IsActive: 1
--- !u!1 &176134
GameObject:
  m_ObjectHideFlags: 1
  m_PrefabParentObject: {fileID: 0}
  m_PrefabInternal: {fileID: 100100000}
  serializedVersion: 4
  m_Component:
  - 4: {fileID: 437838}
  m_Layer: 0
  m_Name: Bip001 Xtra0903
  m_TagString: Untagged
  m_Icon: {fileID: 0}
  m_NavMeshLayer: 0
  m_StaticEditorFlags: 0
  m_IsActive: 1
--- !u!1 &176194
GameObject:
  m_ObjectHideFlags: 1
  m_PrefabParentObject: {fileID: 0}
  m_PrefabInternal: {fileID: 100100000}
  serializedVersion: 4
  m_Component:
  - 4: {fileID: 452594}
  m_Layer: 0
  m_Name: Bip001 Xtra07Opp04
  m_TagString: Untagged
  m_Icon: {fileID: 0}
  m_NavMeshLayer: 0
  m_StaticEditorFlags: 0
  m_IsActive: 1
--- !u!1 &179038
GameObject:
  m_ObjectHideFlags: 0
  m_PrefabParentObject: {fileID: 0}
  m_PrefabInternal: {fileID: 100100000}
  serializedVersion: 4
  m_Component:
  - 4: {fileID: 406052}
  m_Layer: 0
  m_Name: HLP_Info
  m_TagString: Untagged
  m_Icon: {fileID: 0}
  m_NavMeshLayer: 0
  m_StaticEditorFlags: 0
  m_IsActive: 1
--- !u!1 &180352
GameObject:
  m_ObjectHideFlags: 1
  m_PrefabParentObject: {fileID: 0}
  m_PrefabInternal: {fileID: 100100000}
  serializedVersion: 4
  m_Component:
  - 4: {fileID: 425620}
  m_Layer: 0
  m_Name: Bip001 Tail2
  m_TagString: Untagged
  m_Icon: {fileID: 0}
  m_NavMeshLayer: 0
  m_StaticEditorFlags: 0
  m_IsActive: 1
--- !u!1 &180388
GameObject:
  m_ObjectHideFlags: 1
  m_PrefabParentObject: {fileID: 0}
  m_PrefabInternal: {fileID: 100100000}
  serializedVersion: 4
  m_Component:
  - 4: {fileID: 417540}
  m_Layer: 0
  m_Name: Bip001 Xtra0704
  m_TagString: Untagged
  m_Icon: {fileID: 0}
  m_NavMeshLayer: 0
  m_StaticEditorFlags: 0
  m_IsActive: 1
--- !u!1 &180870
GameObject:
  m_ObjectHideFlags: 1
  m_PrefabParentObject: {fileID: 0}
  m_PrefabInternal: {fileID: 100100000}
  serializedVersion: 4
  m_Component:
  - 4: {fileID: 470092}
  m_Layer: 0
  m_Name: Bip001 Xtra09
  m_TagString: Untagged
  m_Icon: {fileID: 0}
  m_NavMeshLayer: 0
  m_StaticEditorFlags: 0
  m_IsActive: 1
--- !u!1 &182892
GameObject:
  m_ObjectHideFlags: 1
  m_PrefabParentObject: {fileID: 0}
  m_PrefabInternal: {fileID: 100100000}
  serializedVersion: 4
  m_Component:
  - 4: {fileID: 486232}
  m_Layer: 0
  m_Name: Bip001 Xtra01Opp03
  m_TagString: Untagged
  m_Icon: {fileID: 0}
  m_NavMeshLayer: 0
  m_StaticEditorFlags: 0
  m_IsActive: 1
--- !u!1 &183044
GameObject:
  m_ObjectHideFlags: 1
  m_PrefabParentObject: {fileID: 0}
  m_PrefabInternal: {fileID: 100100000}
  serializedVersion: 4
  m_Component:
  - 4: {fileID: 478036}
  m_Layer: 0
  m_Name: Bip001 Xtra07Opp02
  m_TagString: Untagged
  m_Icon: {fileID: 0}
  m_NavMeshLayer: 0
  m_StaticEditorFlags: 0
  m_IsActive: 1
--- !u!1 &183770
GameObject:
  m_ObjectHideFlags: 1
  m_PrefabParentObject: {fileID: 0}
  m_PrefabInternal: {fileID: 100100000}
  serializedVersion: 4
  m_Component:
  - 4: {fileID: 417134}
  m_Layer: 0
  m_Name: Bip001 Xtra0603
  m_TagString: Untagged
  m_Icon: {fileID: 0}
  m_NavMeshLayer: 0
  m_StaticEditorFlags: 0
  m_IsActive: 1
--- !u!1 &184424
GameObject:
  m_ObjectHideFlags: 1
  m_PrefabParentObject: {fileID: 0}
  m_PrefabInternal: {fileID: 100100000}
  serializedVersion: 4
  m_Component:
  - 4: {fileID: 464784}
  m_Layer: 0
  m_Name: Bip001
  m_TagString: Untagged
  m_Icon: {fileID: 0}
  m_NavMeshLayer: 0
  m_StaticEditorFlags: 0
  m_IsActive: 1
--- !u!1 &186078
GameObject:
  m_ObjectHideFlags: 1
  m_PrefabParentObject: {fileID: 0}
  m_PrefabInternal: {fileID: 100100000}
  serializedVersion: 4
  m_Component:
  - 4: {fileID: 484358}
  m_Layer: 0
  m_Name: Bip001 Xtra07
  m_TagString: Untagged
  m_Icon: {fileID: 0}
  m_NavMeshLayer: 0
  m_StaticEditorFlags: 0
  m_IsActive: 1
--- !u!1 &187528
GameObject:
  m_ObjectHideFlags: 1
  m_PrefabParentObject: {fileID: 0}
  m_PrefabInternal: {fileID: 100100000}
  serializedVersion: 4
  m_Component:
  - 4: {fileID: 414504}
  m_Layer: 0
  m_Name: Bip001 Xtra06
  m_TagString: Untagged
  m_Icon: {fileID: 0}
  m_NavMeshLayer: 0
  m_StaticEditorFlags: 0
  m_IsActive: 1
--- !u!1 &191744
GameObject:
  m_ObjectHideFlags: 1
  m_PrefabParentObject: {fileID: 0}
  m_PrefabInternal: {fileID: 100100000}
  serializedVersion: 4
  m_Component:
  - 4: {fileID: 463390}
  m_Layer: 0
  m_Name: Bip001 Xtra08
  m_TagString: Untagged
  m_Icon: {fileID: 0}
  m_NavMeshLayer: 0
  m_StaticEditorFlags: 0
  m_IsActive: 1
--- !u!1 &192744
GameObject:
  m_ObjectHideFlags: 1
  m_PrefabParentObject: {fileID: 0}
  m_PrefabInternal: {fileID: 100100000}
  serializedVersion: 4
  m_Component:
  - 4: {fileID: 475670}
  m_Layer: 0
  m_Name: Bip001 Xtra03Opp03
  m_TagString: Untagged
  m_Icon: {fileID: 0}
  m_NavMeshLayer: 0
  m_StaticEditorFlags: 0
  m_IsActive: 1
--- !u!1 &192866
GameObject:
  m_ObjectHideFlags: 1
  m_PrefabParentObject: {fileID: 0}
  m_PrefabInternal: {fileID: 100100000}
  serializedVersion: 4
  m_Component:
  - 4: {fileID: 454046}
  m_Layer: 0
  m_Name: Bip001 Xtra0303
  m_TagString: Untagged
  m_Icon: {fileID: 0}
  m_NavMeshLayer: 0
  m_StaticEditorFlags: 0
  m_IsActive: 1
--- !u!1 &194026
GameObject:
  m_ObjectHideFlags: 1
  m_PrefabParentObject: {fileID: 0}
  m_PrefabInternal: {fileID: 100100000}
  serializedVersion: 4
  m_Component:
  - 4: {fileID: 408108}
  m_Layer: 0
  m_Name: Bip001 Xtra0802
  m_TagString: Untagged
  m_Icon: {fileID: 0}
  m_NavMeshLayer: 0
  m_StaticEditorFlags: 0
  m_IsActive: 1
--- !u!1 &195382
GameObject:
  m_ObjectHideFlags: 1
  m_PrefabParentObject: {fileID: 0}
  m_PrefabInternal: {fileID: 100100000}
  serializedVersion: 4
  m_Component:
  - 4: {fileID: 481168}
  m_Layer: 0
  m_Name: Bip001 Xtra0904
  m_TagString: Untagged
  m_Icon: {fileID: 0}
  m_NavMeshLayer: 0
  m_StaticEditorFlags: 0
  m_IsActive: 1
--- !u!1 &197396
GameObject:
  m_ObjectHideFlags: 1
  m_PrefabParentObject: {fileID: 0}
  m_PrefabInternal: {fileID: 100100000}
  serializedVersion: 4
  m_Component:
  - 4: {fileID: 452850}
  m_Layer: 0
  m_Name: Bip001 Xtra05
  m_TagString: Untagged
  m_Icon: {fileID: 0}
  m_NavMeshLayer: 0
  m_StaticEditorFlags: 0
  m_IsActive: 1
--- !u!1 &197758
GameObject:
  m_ObjectHideFlags: 1
  m_PrefabParentObject: {fileID: 0}
  m_PrefabInternal: {fileID: 100100000}
  serializedVersion: 4
  m_Component:
  - 4: {fileID: 425872}
  m_Layer: 0
  m_Name: Bip001 Xtra07Opp
  m_TagString: Untagged
  m_Icon: {fileID: 0}
  m_NavMeshLayer: 0
  m_StaticEditorFlags: 0
  m_IsActive: 1
--- !u!1 &198140
GameObject:
  m_ObjectHideFlags: 1
  m_PrefabParentObject: {fileID: 0}
  m_PrefabInternal: {fileID: 100100000}
  serializedVersion: 4
  m_Component:
  - 4: {fileID: 458812}
  m_Layer: 0
  m_Name: Bip001 Xtra01Opp
  m_TagString: Untagged
  m_Icon: {fileID: 0}
  m_NavMeshLayer: 0
  m_StaticEditorFlags: 0
  m_IsActive: 1
--- !u!1 &198232
GameObject:
  m_ObjectHideFlags: 1
  m_PrefabParentObject: {fileID: 0}
  m_PrefabInternal: {fileID: 100100000}
  serializedVersion: 4
  m_Component:
  - 4: {fileID: 479860}
  - 137: {fileID: 13726488}
  m_Layer: 0
  m_Name: Cre_Kutu_Body
  m_TagString: Untagged
  m_Icon: {fileID: 0}
  m_NavMeshLayer: 0
  m_StaticEditorFlags: 0
  m_IsActive: 1
--- !u!1 &198254
GameObject:
  m_ObjectHideFlags: 1
  m_PrefabParentObject: {fileID: 0}
  m_PrefabInternal: {fileID: 100100000}
  serializedVersion: 4
  m_Component:
  - 4: {fileID: 431380}
  m_Layer: 0
  m_Name: Bip001 Xtra0502
  m_TagString: Untagged
  m_Icon: {fileID: 0}
  m_NavMeshLayer: 0
  m_StaticEditorFlags: 0
  m_IsActive: 1
--- !u!1 &198602
GameObject:
  m_ObjectHideFlags: 1
  m_PrefabParentObject: {fileID: 0}
  m_PrefabInternal: {fileID: 100100000}
  serializedVersion: 4
  m_Component:
  - 4: {fileID: 494742}
  m_Layer: 0
  m_Name: Bip001 Xtra02Opp
  m_TagString: Untagged
  m_Icon: {fileID: 0}
  m_NavMeshLayer: 0
  m_StaticEditorFlags: 0
  m_IsActive: 1
--- !u!4 &401550
Transform:
  m_ObjectHideFlags: 1
  m_PrefabParentObject: {fileID: 0}
  m_PrefabInternal: {fileID: 100100000}
  m_GameObject: {fileID: 115038}
  m_LocalRotation: {x: 0, y: 0, z: 0.0000000018626451, w: 1}
  m_LocalPosition: {x: -0.7736508, y: -0.0005754394, z: 0}
  m_LocalScale: {x: 1, y: 1.0000001, z: 1}
  m_LocalEulerAnglesHint: {x: 0, y: 0, z: 0}
  m_Children:
  - {fileID: 465960}
  m_Father: {fileID: 486312}
  m_RootOrder: 0
--- !u!4 &403682
Transform:
  m_ObjectHideFlags: 1
  m_PrefabParentObject: {fileID: 0}
  m_PrefabInternal: {fileID: 100100000}
  m_GameObject: {fileID: 143770}
  m_LocalRotation: {x: 0.5876662, y: -0.26098296, z: -0.26106662, w: 0.7199865}
  m_LocalPosition: {x: -1.3601205, y: 1.6943808, z: -4.2200723}
  m_LocalScale: {x: 0.99999994, y: 1, z: 0.9999998}
  m_LocalEulerAnglesHint: {x: 0, y: 0, z: 0}
  m_Children:
  - {fileID: 420976}
  m_Father: {fileID: 418274}
  m_RootOrder: 6
--- !u!4 &404782
Transform:
  m_ObjectHideFlags: 1
  m_PrefabParentObject: {fileID: 0}
  m_PrefabInternal: {fileID: 100100000}
  m_GameObject: {fileID: 110846}
  m_LocalRotation: {x: 0.0000000018626451, y: 0.000000014901163, z: -2.775558e-17,
    w: 1}
  m_LocalPosition: {x: -1.0621821, y: -0.0007971191, z: 0}
  m_LocalScale: {x: 0.99999994, y: 1, z: 0.9999999}
  m_LocalEulerAnglesHint: {x: 0, y: 0, z: 0}
  m_Children:
  - {fileID: 482378}
  m_Father: {fileID: 466934}
  m_RootOrder: 0
--- !u!4 &405208
Transform:
  m_ObjectHideFlags: 1
  m_PrefabParentObject: {fileID: 0}
  m_PrefabInternal: {fileID: 100100000}
  m_GameObject: {fileID: 145568}
  m_LocalRotation: {x: 0.000013940219, y: -0.017479185, z: -0.00000005809373, w: 0.99984723}
  m_LocalPosition: {x: -1.1521171, y: -0.00058056635, z: 0.00000006103515}
  m_LocalScale: {x: 1, y: 1, z: 1}
  m_LocalEulerAnglesHint: {x: 0, y: 0, z: 0}
  m_Children: []
  m_Father: {fileID: 493892}
  m_RootOrder: 0
--- !u!4 &406052
Transform:
  m_ObjectHideFlags: 1
  m_PrefabParentObject: {fileID: 0}
  m_PrefabInternal: {fileID: 100100000}
  m_GameObject: {fileID: 179038}
  m_LocalRotation: {x: -0.7071068, y: 0, z: 0, w: 0.7071068}
  m_LocalPosition: {x: 0, y: 3.98, z: 7.37}
  m_LocalScale: {x: 1, y: 1, z: 1}
  m_LocalEulerAnglesHint: {x: 179.999, y: 179.999, z: 179.999}
  m_Children: []
  m_Father: {fileID: 421946}
  m_RootOrder: 4
--- !u!4 &408108
Transform:
  m_ObjectHideFlags: 1
  m_PrefabParentObject: {fileID: 0}
  m_PrefabInternal: {fileID: 100100000}
  m_GameObject: {fileID: 194026}
  m_LocalRotation: {x: -0.0063790255, y: -0.047227915, z: -0.13448842, w: 0.9897685}
  m_LocalPosition: {x: -0.88752556, y: -0.000996582, z: -0.00000006103515}
  m_LocalScale: {x: 1, y: 0.9999998, z: 1}
  m_LocalEulerAnglesHint: {x: 0, y: 0, z: 0}
  m_Children:
  - {fileID: 413984}
  m_Father: {fileID: 463390}
  m_RootOrder: 0
--- !u!4 &412656
Transform:
  m_ObjectHideFlags: 1
  m_PrefabParentObject: {fileID: 0}
  m_PrefabInternal: {fileID: 100100000}
  m_GameObject: {fileID: 109990}
  m_LocalRotation: {x: 0.00003847208, y: -0.048316643, z: -0.00000013807526, w: 0.9988321}
  m_LocalPosition: {x: -0.87444913, y: -0.0006416015, z: 0}
  m_LocalScale: {x: 1, y: 1.0000001, z: 1.0000001}
  m_LocalEulerAnglesHint: {x: 0, y: 0, z: 0}
  m_Children:
  - {fileID: 449490}
  m_Father: {fileID: 444636}
  m_RootOrder: 0
--- !u!4 &413592
Transform:
  m_ObjectHideFlags: 1
  m_PrefabParentObject: {fileID: 0}
  m_PrefabInternal: {fileID: 100100000}
  m_GameObject: {fileID: 159124}
  m_LocalRotation: {x: -5.551115e-17, y: -0.000000029802322, z: -0.0000000018626451,
    w: 1}
  m_LocalPosition: {x: -1.0009621, y: -0.0007407226, z: 0.0000004882812}
  m_LocalScale: {x: 1, y: 1, z: 1}
  m_LocalEulerAnglesHint: {x: 0, y: 0, z: 0}
  m_Children: []
  m_Father: {fileID: 432662}
  m_RootOrder: 0
--- !u!4 &413984
Transform:
  m_ObjectHideFlags: 1
  m_PrefabParentObject: {fileID: 0}
  m_PrefabInternal: {fileID: 100100000}
  m_GameObject: {fileID: 154244}
  m_LocalRotation: {x: 0.0009411657, y: 0.010707384, z: -0.08835316, w: 0.9960312}
  m_LocalPosition: {x: -1.2987945, y: -0.00090332027, z: 0.00000006103515}
  m_LocalScale: {x: 1, y: 1, z: 1}
  m_LocalEulerAnglesHint: {x: 0, y: 0, z: 0}
  m_Children:
  - {fileID: 468224}
  m_Father: {fileID: 408108}
  m_RootOrder: 0
--- !u!4 &414504
Transform:
  m_ObjectHideFlags: 1
  m_PrefabParentObject: {fileID: 0}
  m_PrefabInternal: {fileID: 100100000}
  m_GameObject: {fileID: 187528}
  m_LocalRotation: {x: 6.8717357e-13, y: 0.000001160148, z: -0.418283, w: 0.9083168}
  m_LocalPosition: {x: -2.9690242, y: -0.19781199, z: -0.00000087965645}
  m_LocalScale: {x: 0.99999994, y: 0.99999994, z: 1}
  m_LocalEulerAnglesHint: {x: 0, y: 0, z: 0}
  m_Children:
  - {fileID: 466872}
  m_Father: {fileID: 418274}
  m_RootOrder: 0
--- !u!4 &416998
Transform:
  m_ObjectHideFlags: 1
  m_PrefabParentObject: {fileID: 0}
  m_PrefabInternal: {fileID: 100100000}
  m_GameObject: {fileID: 140752}
  m_LocalRotation: {x: -0.0000000013969839, y: 0.000000014901161, z: 2.0816682e-17,
    w: 1}
  m_LocalPosition: {x: -0.8367819, y: -0.00072497554, z: 0}
  m_LocalScale: {x: 1, y: 1, z: 0.99999994}
  m_LocalEulerAnglesHint: {x: 0, y: 0, z: 0}
  m_Children:
  - {fileID: 455222}
  m_Father: {fileID: 478364}
  m_RootOrder: 0
--- !u!4 &417134
Transform:
  m_ObjectHideFlags: 1
  m_PrefabParentObject: {fileID: 0}
  m_PrefabInternal: {fileID: 100100000}
  m_GameObject: {fileID: 183770}
  m_LocalRotation: {x: 2.0352398e-14, y: 0.00000014036533, z: -0.050607633, w: 0.9987186}
  m_LocalPosition: {x: -1.4695108, y: -0.000977539, z: -0.000000002712011}
  m_LocalScale: {x: 1, y: 1, z: 1}
  m_LocalEulerAnglesHint: {x: 0, y: 0, z: 0}
  m_Children:
  - {fileID: 428538}
  m_Father: {fileID: 466872}
  m_RootOrder: 0
--- !u!4 &417540
Transform:
  m_ObjectHideFlags: 1
  m_PrefabParentObject: {fileID: 0}
  m_PrefabInternal: {fileID: 100100000}
  m_GameObject: {fileID: 180388}
  m_LocalRotation: {x: -0.0000000037252903, y: 6.938893e-18, z: -0.0000000018626449,
    w: 1}
  m_LocalPosition: {x: -1.1747975, y: -0.00064355467, z: 0.00000006103515}
  m_LocalScale: {x: 1.0000001, y: 1, z: 1}
  m_LocalEulerAnglesHint: {x: 0, y: 0, z: 0}
  m_Children: []
  m_Father: {fileID: 473018}
  m_RootOrder: 0
--- !u!4 &418274
Transform:
  m_ObjectHideFlags: 1
  m_PrefabParentObject: {fileID: 0}
  m_PrefabInternal: {fileID: 100100000}
  m_GameObject: {fileID: 154932}
  m_LocalRotation: {x: -0.0000012847383, y: -0.00000022099186, z: -0.01655077, w: 0.999863}
  m_LocalPosition: {x: -0.3807363, y: -0.03859863, z: -0.00000016299354}
  m_LocalScale: {x: 1, y: 1, z: 1}
  m_LocalEulerAnglesHint: {x: 0, y: 0, z: 0}
  m_Children:
  - {fileID: 414504}
  - {fileID: 484358}
  - {fileID: 425872}
  - {fileID: 463390}
  - {fileID: 447518}
  - {fileID: 470092}
  - {fileID: 403682}
  m_Father: {fileID: 476784}
  m_RootOrder: 0
--- !u!4 &420976
Transform:
  m_ObjectHideFlags: 1
  m_PrefabParentObject: {fileID: 0}
  m_PrefabInternal: {fileID: 100100000}
  m_GameObject: {fileID: 167406}
  m_LocalRotation: {x: -0.000000007791003, y: 0.00000036343778, z: -0.15821058, w: 0.9874054}
  m_LocalPosition: {x: -0.88782537, y: -0.0007958984, z: 0}
  m_LocalScale: {x: 1.0000002, y: 1, z: 1.0000001}
  m_LocalEulerAnglesHint: {x: 0, y: 0, z: 0}
  m_Children:
  - {fileID: 457406}
  m_Father: {fileID: 403682}
  m_RootOrder: 0
--- !u!4 &421946
Transform:
  m_ObjectHideFlags: 1
  m_PrefabParentObject: {fileID: 0}
  m_PrefabInternal: {fileID: 100100000}
  m_GameObject: {fileID: 110626}
  m_LocalRotation: {x: 0, y: 0, z: 0, w: 1}
  m_LocalPosition: {x: 0, y: 0, z: 0}
  m_LocalScale: {x: 1, y: 1, z: 1}
  m_LocalEulerAnglesHint: {x: 0, y: 0, z: 0}
  m_Children:
  - {fileID: 493654}
  - {fileID: 444940}
  - {fileID: 454554}
  - {fileID: 481260}
  - {fileID: 406052}
  m_Father: {fileID: 0}
  m_RootOrder: 0
--- !u!4 &425620
Transform:
  m_ObjectHideFlags: 1
  m_PrefabParentObject: {fileID: 0}
  m_PrefabInternal: {fileID: 100100000}
  m_GameObject: {fileID: 180352}
  m_LocalRotation: {x: 3.7232928e-13, y: -0.0000002395238, z: 0.08635841, w: 0.99626416}
  m_LocalPosition: {x: -2.199031, y: -0.001557373, z: -0.0000000043194737}
  m_LocalScale: {x: 1, y: 1, z: 1}
  m_LocalEulerAnglesHint: {x: 0, y: 0, z: 0}
  m_Children: []
  m_Father: {fileID: 454562}
  m_RootOrder: 0
--- !u!4 &425872
Transform:
  m_ObjectHideFlags: 1
  m_PrefabParentObject: {fileID: 0}
  m_PrefabInternal: {fileID: 100100000}
  m_GameObject: {fileID: 197758}
  m_LocalRotation: {x: 0.06570867, y: -0.025302365, z: -0.35920954, w: 0.93059695}
  m_LocalPosition: {x: -2.719226, y: 0.2034492, z: -1.815147}
  m_LocalScale: {x: 0.99999994, y: 0.9999999, z: 1}
  m_LocalEulerAnglesHint: {x: 0, y: 0, z: 0}
  m_Children:
  - {fileID: 478036}
  m_Father: {fileID: 418274}
  m_RootOrder: 2
--- !u!4 &427342
Transform:
  m_ObjectHideFlags: 1
  m_PrefabParentObject: {fileID: 0}
  m_PrefabInternal: {fileID: 100100000}
  m_GameObject: {fileID: 165220}
  m_LocalRotation: {x: -0.0000000037252907, y: 1.387779e-17, z: -0.0000000037252907,
    w: 1}
  m_LocalPosition: {x: -0.8047783, y: -0.00047949216, z: 0.0000002441406}
  m_LocalScale: {x: 0.99999994, y: 0.99999994, z: 1}
  m_LocalEulerAnglesHint: {x: 0, y: 0, z: 0}
  m_Children: []
  m_Father: {fileID: 431380}
  m_RootOrder: 0
--- !u!4 &428538
Transform:
  m_ObjectHideFlags: 1
  m_PrefabParentObject: {fileID: 0}
  m_PrefabInternal: {fileID: 100100000}
  m_GameObject: {fileID: 146456}
  m_LocalRotation: {x: 1.0861231e-13, y: 0.000000057888755, z: -0.020871343, w: 0.9997822}
  m_LocalPosition: {x: -1.2341566, y: -0.0007099609, z: -0.000000001966953}
  m_LocalScale: {x: 1.0000001, y: 1.0000001, z: 1}
  m_LocalEulerAnglesHint: {x: 0, y: 0, z: 0}
  m_Children: []
  m_Father: {fileID: 417134}
  m_RootOrder: 0
--- !u!4 &429342
Transform:
  m_ObjectHideFlags: 1
  m_PrefabParentObject: {fileID: 0}
  m_PrefabInternal: {fileID: 100100000}
  m_GameObject: {fileID: 165818}
  m_LocalRotation: {x: 0.0000000037252903, y: 0.000000014901163, z: 0.0000000046566133,
    w: 1}
  m_LocalPosition: {x: -0.77365106, y: -0.0005751953, z: 0.0000002441406}
  m_LocalScale: {x: 0.9999999, y: 1, z: 0.9999999}
  m_LocalEulerAnglesHint: {x: 0, y: 0, z: 0}
  m_Children:
  - {fileID: 486232}
  m_Father: {fileID: 458812}
  m_RootOrder: 0
--- !u!4 &431380
Transform:
  m_ObjectHideFlags: 1
  m_PrefabParentObject: {fileID: 0}
  m_PrefabInternal: {fileID: 100100000}
  m_GameObject: {fileID: 198254}
  m_LocalRotation: {x: -0.000038481186, y: 0.048316643, z: 0.0000001271701, w: 0.9988321}
  m_LocalPosition: {x: -0.8744482, y: -0.00064111326, z: 0.0000002441406}
  m_LocalScale: {x: 1, y: 1, z: 1}
  m_LocalEulerAnglesHint: {x: 0, y: 0, z: 0}
  m_Children:
  - {fileID: 427342}
  m_Father: {fileID: 452850}
  m_RootOrder: 0
--- !u!4 &432350
Transform:
  m_ObjectHideFlags: 1
  m_PrefabParentObject: {fileID: 0}
  m_PrefabInternal: {fileID: 100100000}
  m_GameObject: {fileID: 165902}
  m_LocalRotation: {x: -0.7071068, y: -2.994714e-22, z: -2.994714e-22, w: 0.7071068}
  m_LocalPosition: {x: 0, y: 1.1999999, z: 8.4}
  m_LocalScale: {x: 1, y: 1, z: 1}
  m_LocalEulerAnglesHint: {x: 0, y: 0, z: 0}
  m_Children: []
  m_Father: {fileID: 454554}
  m_RootOrder: 2
--- !u!4 &432662
Transform:
  m_ObjectHideFlags: 1
  m_PrefabParentObject: {fileID: 0}
  m_PrefabInternal: {fileID: 100100000}
  m_GameObject: {fileID: 127346}
  m_LocalRotation: {x: -5.551115e-17, y: -0.000000029802322, z: -0.0000000018626451,
    w: 1}
  m_LocalPosition: {x: -1.0621814, y: -0.0007971191, z: 0}
  m_LocalScale: {x: 1, y: 1, z: 1}
  m_LocalEulerAnglesHint: {x: 0, y: 0, z: 0}
  m_Children:
  - {fileID: 413592}
  m_Father: {fileID: 496560}
  m_RootOrder: 0
--- !u!4 &434226
Transform:
  m_ObjectHideFlags: 1
  m_PrefabParentObject: {fileID: 0}
  m_PrefabInternal: {fileID: 100100000}
  m_GameObject: {fileID: 174342}
  m_LocalRotation: {x: -0.7071068, y: -2.994714e-22, z: -2.994714e-22, w: 0.7071068}
  m_LocalPosition: {x: 0, y: 1.1999999, z: 10.299999}
  m_LocalScale: {x: 1, y: 1, z: 1}
  m_LocalEulerAnglesHint: {x: 0, y: 0, z: 0}
  m_Children: []
  m_Father: {fileID: 454554}
  m_RootOrder: 3
--- !u!4 &436072
Transform:
  m_ObjectHideFlags: 1
  m_PrefabParentObject: {fileID: 0}
  m_PrefabInternal: {fileID: 100100000}
  m_GameObject: {fileID: 156200}
  m_LocalRotation: {x: 0.6606209, y: -0.6377341, z: 0.28886425, w: 0.2709845}
  m_LocalPosition: {x: -0.16781256, y: 2.200564, z: -5.075597}
  m_LocalScale: {x: 0.99999994, y: 1, z: 0.9999999}
  m_LocalEulerAnglesHint: {x: 0, y: 0, z: 0}
  m_Children:
  - {fileID: 496076}
  m_Father: {fileID: 492002}
  m_RootOrder: 3
--- !u!4 &437838
Transform:
  m_ObjectHideFlags: 1
  m_PrefabParentObject: {fileID: 0}
  m_PrefabInternal: {fileID: 100100000}
  m_GameObject: {fileID: 176134}
  m_LocalRotation: {x: 0.000000025411557, y: 0.00000019261839, z: -0.054370757, w: 0.99852085}
  m_LocalPosition: {x: -1.0525192, y: -0.00080761715, z: 0.0000009765624}
  m_LocalScale: {x: 1, y: 1, z: 1.0000001}
  m_LocalEulerAnglesHint: {x: 0, y: 0, z: 0}
  m_Children:
  - {fileID: 481168}
  m_Father: {fileID: 483274}
  m_RootOrder: 0
--- !u!4 &444636
Transform:
  m_ObjectHideFlags: 1
  m_PrefabParentObject: {fileID: 0}
  m_PrefabInternal: {fileID: 100100000}
  m_GameObject: {fileID: 124792}
  m_LocalRotation: {x: 0.6309153, y: 0.56100357, z: 0.37666413, w: -0.3812414}
  m_LocalPosition: {x: -0.7322627, y: -2.0053353, z: -4.3109136}
  m_LocalScale: {x: 1, y: 1, z: 0.99999994}
  m_LocalEulerAnglesHint: {x: 0, y: 0, z: 0}
  m_Children:
  - {fileID: 412656}
  m_Father: {fileID: 454562}
  m_RootOrder: 2
--- !u!4 &444940
Transform:
  m_ObjectHideFlags: 1
  m_PrefabParentObject: {fileID: 0}
  m_PrefabInternal: {fileID: 100100000}
  m_GameObject: {fileID: 168710}
  m_LocalRotation: {x: -0.7071068, y: 0, z: 0, w: 0.7071068}
  m_LocalPosition: {x: 0, y: 0.6999999, z: 4.23}
  m_LocalScale: {x: 1, y: 1, z: 1}
  m_LocalEulerAnglesHint: {x: 0, y: 0, z: 0}
  m_Children: []
  m_Father: {fileID: 421946}
  m_RootOrder: 1
--- !u!4 &447518
Transform:
  m_ObjectHideFlags: 1
  m_PrefabParentObject: {fileID: 0}
  m_PrefabInternal: {fileID: 100100000}
  m_GameObject: {fileID: 100690}
  m_LocalRotation: {x: 0.26140958, y: -0.11947523, z: -0.38970307, w: 0.8749413}
  m_LocalPosition: {x: -2.215451, y: 0.7521801, z: -3.3503852}
  m_LocalScale: {x: 0.99999994, y: 0.99999994, z: 1}
  m_LocalEulerAnglesHint: {x: 0, y: 0, z: 0}
  m_Children:
  - {fileID: 487644}
  m_Father: {fileID: 418274}
  m_RootOrder: 4
--- !u!4 &449490
Transform:
  m_ObjectHideFlags: 1
  m_PrefabParentObject: {fileID: 0}
  m_PrefabInternal: {fileID: 100100000}
  m_GameObject: {fileID: 147178}
  m_LocalRotation: {x: 0.0000000074505797, y: 0, z: -0, w: 1}
  m_LocalPosition: {x: -0.804779, y: -0.0004804687, z: 0.0000002441406}
  m_LocalScale: {x: 0.99999994, y: 1.0000001, z: 1}
  m_LocalEulerAnglesHint: {x: 0, y: 0, z: 0}
  m_Children: []
  m_Father: {fileID: 412656}
  m_RootOrder: 0
--- !u!4 &450666
Transform:
  m_ObjectHideFlags: 1
  m_PrefabParentObject: {fileID: 0}
  m_PrefabInternal: {fileID: 100100000}
  m_GameObject: {fileID: 170980}
  m_LocalRotation: {x: -0.0000000034700043, y: 0.00000043029962, z: -0.1532758, w: 0.98818344}
  m_LocalPosition: {x: -1.4771092, y: -0.0008920898, z: 0}
  m_LocalScale: {x: 1, y: 1.0000001, z: 1}
  m_LocalEulerAnglesHint: {x: 0, y: 0, z: 0}
  m_Children:
  - {fileID: 452594}
  m_Father: {fileID: 478036}
  m_RootOrder: 0
--- !u!4 &452594
Transform:
  m_ObjectHideFlags: 1
  m_PrefabParentObject: {fileID: 0}
  m_PrefabInternal: {fileID: 100100000}
  m_GameObject: {fileID: 176194}
  m_LocalRotation: {x: 2.3283067e-10, y: 0, z: -0, w: 1}
  m_LocalPosition: {x: -1.174797, y: -0.00064355467, z: 0.00000006103515}
  m_LocalScale: {x: 1, y: 0.99999994, z: 1}
  m_LocalEulerAnglesHint: {x: 0, y: 0, z: 0}
  m_Children: []
  m_Father: {fileID: 450666}
  m_RootOrder: 0
--- !u!4 &452850
Transform:
  m_ObjectHideFlags: 1
  m_PrefabParentObject: {fileID: 0}
  m_PrefabInternal: {fileID: 100100000}
  m_GameObject: {fileID: 197396}
  m_LocalRotation: {x: 0.63091546, y: 0.5610057, z: -0.3766609, w: 0.3812414}
  m_LocalPosition: {x: -0.73226213, y: -2.0053594, z: 4.3109035}
  m_LocalScale: {x: 0.9999999, y: 1.0000001, z: 1}
  m_LocalEulerAnglesHint: {x: 0, y: 0, z: 0}
  m_Children:
  - {fileID: 431380}
  m_Father: {fileID: 454562}
  m_RootOrder: 1
--- !u!4 &454046
Transform:
  m_ObjectHideFlags: 1
  m_PrefabParentObject: {fileID: 0}
  m_PrefabInternal: {fileID: 100100000}
  m_GameObject: {fileID: 192866}
  m_LocalRotation: {x: 1.16415315e-10, y: -0.000000029802322, z: -2.3283064e-10, w: 1}
  m_LocalPosition: {x: -1.1700468, y: -0.0007593383, z: -0.0000004882812}
  m_LocalScale: {x: 1, y: 1, z: 1}
  m_LocalEulerAnglesHint: {x: 0, y: 0, z: 0}
  m_Children: []
  m_Father: {fileID: 484848}
  m_RootOrder: 0
--- !u!4 &454554
Transform:
  m_ObjectHideFlags: 1
  m_PrefabParentObject: {fileID: 0}
  m_PrefabInternal: {fileID: 100100000}
  m_GameObject: {fileID: 142330}
  m_LocalRotation: {x: 0, y: 0, z: 0, w: 1}
  m_LocalPosition: {x: 0, y: 0, z: -4.8}
  m_LocalScale: {x: 1, y: 1, z: 1}
  m_LocalEulerAnglesHint: {x: 0, y: 0, z: 0}
  m_Children:
  - {fileID: 464784}
  - {fileID: 479860}
  - {fileID: 432350}
  - {fileID: 434226}
  m_Father: {fileID: 421946}
  m_RootOrder: 2
--- !u!4 &454562
Transform:
  m_ObjectHideFlags: 1
  m_PrefabParentObject: {fileID: 0}
  m_PrefabInternal: {fileID: 100100000}
  m_GameObject: {fileID: 105920}
  m_LocalRotation: {x: 1.739704e-13, y: -0.00000017397224, z: 0.06272433, w: 0.9980309}
  m_LocalPosition: {x: -2.3358402, y: -0.0017373046, z: -0.000000004818663}
  m_LocalScale: {x: 1, y: 1, z: 1}
  m_LocalEulerAnglesHint: {x: 0, y: 0, z: 0}
  m_Children:
  - {fileID: 425620}
  - {fileID: 452850}
  - {fileID: 444636}
  m_Father: {fileID: 464886}
  m_RootOrder: 0
--- !u!4 &455222
Transform:
  m_ObjectHideFlags: 1
  m_PrefabParentObject: {fileID: 0}
  m_PrefabInternal: {fileID: 100100000}
  m_GameObject: {fileID: 107004}
  m_LocalRotation: {x: -0.0000000013969839, y: 0.000000014901161, z: 2.0816682e-17,
    w: 1}
  m_LocalPosition: {x: -0.91043866, y: -0.0005454101, z: 0}
  m_LocalScale: {x: 1, y: 1, z: 0.99999994}
  m_LocalEulerAnglesHint: {x: 0, y: 0, z: 0}
  m_Children: []
  m_Father: {fileID: 416998}
  m_RootOrder: 0
--- !u!4 &457406
Transform:
  m_ObjectHideFlags: 1
  m_PrefabParentObject: {fileID: 0}
  m_PrefabInternal: {fileID: 100100000}
  m_GameObject: {fileID: 100546}
  m_LocalRotation: {x: -0.000000023276746, y: 0.00000012065334, z: -0.05437075, w: 0.99852085}
  m_LocalPosition: {x: -1.0525193, y: -0.00080712885, z: -0.0000009765624}
  m_LocalScale: {x: 1, y: 0.99999994, z: 1}
  m_LocalEulerAnglesHint: {x: 0, y: 0, z: 0}
  m_Children:
  - {fileID: 491310}
  m_Father: {fileID: 420976}
  m_RootOrder: 0
--- !u!4 &458812
Transform:
  m_ObjectHideFlags: 1
  m_PrefabParentObject: {fileID: 0}
  m_PrefabInternal: {fileID: 100100000}
  m_GameObject: {fileID: 198140}
  m_LocalRotation: {x: 0.64592046, y: -0.5877027, z: 0.32813427, w: 0.36016688}
  m_LocalPosition: {x: -2.5584905, y: 2.672611, z: -4.5017047}
  m_LocalScale: {x: 0.99999994, y: 1, z: 0.9999998}
  m_LocalEulerAnglesHint: {x: 0, y: 0, z: 0}
  m_Children:
  - {fileID: 429342}
  m_Father: {fileID: 460566}
  m_RootOrder: 2
--- !u!4 &460566
Transform:
  m_ObjectHideFlags: 1
  m_PrefabParentObject: {fileID: 0}
  m_PrefabInternal: {fileID: 100100000}
  m_GameObject: {fileID: 101708}
  m_LocalRotation: {x: -0.0000020786126, y: 0.00000083893974, z: -0.032355096, w: 0.99947643}
  m_LocalPosition: {x: -1.4307659, y: -0.051975828, z: 0.0000021926974}
  m_LocalScale: {x: 1, y: 1, z: 1}
  m_LocalEulerAnglesHint: {x: 0, y: 0, z: 0}
  m_Children:
  - {fileID: 476784}
  - {fileID: 486312}
  - {fileID: 458812}
  - {fileID: 478364}
  - {fileID: 494742}
  m_Father: {fileID: 492002}
  m_RootOrder: 0
--- !u!4 &463390
Transform:
  m_ObjectHideFlags: 1
  m_PrefabParentObject: {fileID: 0}
  m_PrefabInternal: {fileID: 100100000}
  m_GameObject: {fileID: 191744}
  m_LocalRotation: {x: -0.26140958, y: 0.11947739, z: -0.38970238, w: 0.8749413}
  m_LocalPosition: {x: -2.21545, y: 0.7521613, z: 3.3503897}
  m_LocalScale: {x: 0.99999994, y: 1.0000001, z: 1}
  m_LocalEulerAnglesHint: {x: 0, y: 0, z: 0}
  m_Children:
  - {fileID: 408108}
  m_Father: {fileID: 418274}
  m_RootOrder: 3
--- !u!4 &464784
Transform:
  m_ObjectHideFlags: 1
  m_PrefabParentObject: {fileID: 0}
  m_PrefabInternal: {fileID: 100100000}
  m_GameObject: {fileID: 184424}
  m_LocalRotation: {x: 0, y: -4.3297806e-17, z: 0.7071068, w: 0.7071068}
  m_LocalPosition: {x: 0, y: 4.1, z: -0.79999995}
  m_LocalScale: {x: 1, y: 1, z: 1}
  m_LocalEulerAnglesHint: {x: 0, y: 0, z: 0}
  m_Children:
  - {fileID: 492002}
  m_Father: {fileID: 454554}
  m_RootOrder: 0
--- !u!4 &464886
Transform:
  m_ObjectHideFlags: 1
  m_PrefabParentObject: {fileID: 0}
  m_PrefabInternal: {fileID: 100100000}
  m_GameObject: {fileID: 148902}
  m_LocalRotation: {x: 0.00000086210576, y: -0.0000007600058, z: 0.9982794, w: -0.05863633}
  m_LocalPosition: {x: 1.4434403, y: 0.756519, z: -0.000004079524}
  m_LocalScale: {x: 1, y: 1, z: 1}
  m_LocalEulerAnglesHint: {x: 0, y: 0, z: 0}
  m_Children:
  - {fileID: 454562}
  - {fileID: 496560}
  - {fileID: 466934}
  m_Father: {fileID: 492002}
  m_RootOrder: 1
--- !u!4 &465960
Transform:
  m_ObjectHideFlags: 1
  m_PrefabParentObject: {fileID: 0}
  m_PrefabInternal: {fileID: 100100000}
  m_GameObject: {fileID: 161302}
  m_LocalRotation: {x: -0.000043611035, y: 0.05476998, z: 0.00000014803621, w: 0.998499}
  m_LocalPosition: {x: -0.72256196, y: -0.00048022458, z: -0.0000002441406}
  m_LocalScale: {x: 1.0000001, y: 1, z: 1.0000001}
  m_LocalEulerAnglesHint: {x: 0, y: 0, z: 0}
  m_Children: []
  m_Father: {fileID: 401550}
  m_RootOrder: 0
--- !u!4 &466872
Transform:
  m_ObjectHideFlags: 1
  m_PrefabParentObject: {fileID: 0}
  m_PrefabInternal: {fileID: 100100000}
  m_GameObject: {fileID: 141200}
  m_LocalRotation: {x: -3.1964e-14, y: 0.00000037662733, z: -0.13579008, w: 0.9907377}
  m_LocalPosition: {x: -1.1561862, y: -0.0011279297, z: -0.0000000031292435}
  m_LocalScale: {x: 1, y: 1, z: 1}
  m_LocalEulerAnglesHint: {x: 0, y: 0, z: 0}
  m_Children:
  - {fileID: 417134}
  m_Father: {fileID: 414504}
  m_RootOrder: 0
--- !u!4 &466934
Transform:
  m_ObjectHideFlags: 1
  m_PrefabParentObject: {fileID: 0}
  m_PrefabInternal: {fileID: 100100000}
  m_GameObject: {fileID: 165672}
  m_LocalRotation: {x: 0.6507203, y: 0.62043, z: 0.30190796, w: -0.3169879}
  m_LocalPosition: {x: -0.80179024, y: -1.5570731, z: -4.7481346}
  m_LocalScale: {x: 1.0000001, y: 1, z: 1}
  m_LocalEulerAnglesHint: {x: 0, y: 0, z: 0}
  m_Children:
  - {fileID: 404782}
  m_Father: {fileID: 464886}
  m_RootOrder: 2
--- !u!4 &468224
Transform:
  m_ObjectHideFlags: 1
  m_PrefabParentObject: {fileID: 0}
  m_PrefabInternal: {fileID: 100100000}
  m_GameObject: {fileID: 155038}
  m_LocalRotation: {x: -0.00001391149, y: 0.0174792, z: 0.00000005690588, w: 0.99984723}
  m_LocalPosition: {x: -1.1521173, y: -0.00058056635, z: 0.0000001220703}
  m_LocalScale: {x: 1, y: 1.0000001, z: 1}
  m_LocalEulerAnglesHint: {x: 0, y: 0, z: 0}
  m_Children: []
  m_Father: {fileID: 413984}
  m_RootOrder: 0
--- !u!4 &470092
Transform:
  m_ObjectHideFlags: 1
  m_PrefabParentObject: {fileID: 0}
  m_PrefabInternal: {fileID: 100100000}
  m_GameObject: {fileID: 180870}
  m_LocalRotation: {x: -0.5876662, y: 0.26098442, z: -0.26106516, w: 0.7199865}
  m_LocalPosition: {x: -1.360121, y: 1.6943568, z: 4.2200813}
  m_LocalScale: {x: 1, y: 1, z: 0.99999994}
  m_LocalEulerAnglesHint: {x: 0, y: 0, z: 0}
  m_Children:
  - {fileID: 483274}
  m_Father: {fileID: 418274}
  m_RootOrder: 5
--- !u!4 &472390
Transform:
  m_ObjectHideFlags: 1
  m_PrefabParentObject: {fileID: 0}
  m_PrefabInternal: {fileID: 100100000}
  m_GameObject: {fileID: 151638}
  m_LocalRotation: {x: -0.0044401893, y: -0.025937676, z: -0.16945541, w: 0.98518646}
  m_LocalPosition: {x: -0.948758, y: -0.0011088867, z: -0.0000001220703}
  m_LocalScale: {x: 1, y: 1, z: 1}
  m_LocalEulerAnglesHint: {x: 0, y: 0, z: 0}
  m_Children:
  - {fileID: 473018}
  m_Father: {fileID: 484358}
  m_RootOrder: 0
--- !u!4 &473018
Transform:
  m_ObjectHideFlags: 1
  m_PrefabParentObject: {fileID: 0}
  m_PrefabInternal: {fileID: 100100000}
  m_GameObject: {fileID: 142600}
  m_LocalRotation: {x: 0.000000017705696, y: 0.0000004194754, z: -0.1532758, w: 0.98818344}
  m_LocalPosition: {x: -1.4771096, y: -0.0008916015, z: -0.0000001220703}
  m_LocalScale: {x: 1, y: 1.0000001, z: 1}
  m_LocalEulerAnglesHint: {x: 0, y: 0, z: 0}
  m_Children:
  - {fileID: 417540}
  m_Father: {fileID: 472390}
  m_RootOrder: 0
--- !u!4 &475670
Transform:
  m_ObjectHideFlags: 1
  m_PrefabParentObject: {fileID: 0}
  m_PrefabInternal: {fileID: 100100000}
  m_GameObject: {fileID: 192744}
  m_LocalRotation: {x: 1.1641532e-10, y: 0.000000014901161, z: 1.1641532e-10, w: 1}
  m_LocalPosition: {x: -1.1700463, y: -0.0007592773, z: 0}
  m_LocalScale: {x: 1, y: 0.99999994, z: 0.9999999}
  m_LocalEulerAnglesHint: {x: 0, y: 0, z: 0}
  m_Children: []
  m_Father: {fileID: 496076}
  m_RootOrder: 0
--- !u!4 &476784
Transform:
  m_ObjectHideFlags: 1
  m_PrefabParentObject: {fileID: 0}
  m_PrefabInternal: {fileID: 100100000}
  m_GameObject: {fileID: 118160}
  m_LocalRotation: {x: 5.684342e-14, y: 0, z: -0, w: 1}
  m_LocalPosition: {x: -2.3569045, y: -0.5349194, z: -0.0000014425375}
  m_LocalScale: {x: 1, y: 1, z: 1}
  m_LocalEulerAnglesHint: {x: 0, y: 0, z: 0}
  m_Children:
  - {fileID: 418274}
  m_Father: {fileID: 460566}
  m_RootOrder: 0
--- !u!4 &478036
Transform:
  m_ObjectHideFlags: 1
  m_PrefabParentObject: {fileID: 0}
  m_PrefabInternal: {fileID: 100100000}
  m_GameObject: {fileID: 183044}
  m_LocalRotation: {x: 0.0044401707, y: 0.025938611, z: -0.16945529, w: 0.98518646}
  m_LocalPosition: {x: -0.94875896, y: -0.0011088867, z: -0.0000001220703}
  m_LocalScale: {x: 1.0000001, y: 1.0000001, z: 0.99999994}
  m_LocalEulerAnglesHint: {x: 0, y: 0, z: 0}
  m_Children:
  - {fileID: 450666}
  m_Father: {fileID: 425872}
  m_RootOrder: 0
--- !u!4 &478364
Transform:
  m_ObjectHideFlags: 1
  m_PrefabParentObject: {fileID: 0}
  m_PrefabInternal: {fileID: 100100000}
  m_GameObject: {fileID: 175816}
  m_LocalRotation: {x: 0.6738497, y: -0.6077486, z: -0.29632184, w: -0.29792875}
  m_LocalPosition: {x: -0.8983043, y: 2.3997774, z: 4.9164476}
  m_LocalScale: {x: 0.99999994, y: 1, z: 0.99999994}
  m_LocalEulerAnglesHint: {x: 0, y: 0, z: 0}
  m_Children:
  - {fileID: 416998}
  m_Father: {fileID: 460566}
  m_RootOrder: 3
--- !u!4 &479860
Transform:
  m_ObjectHideFlags: 1
  m_PrefabParentObject: {fileID: 0}
  m_PrefabInternal: {fileID: 100100000}
  m_GameObject: {fileID: 198232}
  m_LocalRotation: {x: -0.7071068, y: 0, z: -0, w: 0.7071068}
  m_LocalPosition: {x: 0, y: 0, z: 0}
  m_LocalScale: {x: 0.9999995, y: 0.9999995, z: 0.9999995}
  m_LocalEulerAnglesHint: {x: 0, y: 0, z: 0}
  m_Children: []
  m_Father: {fileID: 454554}
  m_RootOrder: 1
--- !u!4 &481168
Transform:
  m_ObjectHideFlags: 1
  m_PrefabParentObject: {fileID: 0}
  m_PrefabInternal: {fileID: 100100000}
  m_GameObject: {fileID: 195382}
  m_LocalRotation: {x: 0.00000001117587, y: 0.000000014901159, z: -0.000000014901159,
    w: 1}
  m_LocalPosition: {x: -1.0201193, y: -0.00049218745, z: -0.0000004882812}
  m_LocalScale: {x: 1.0000001, y: 1.0000001, z: 1.0000001}
  m_LocalEulerAnglesHint: {x: 0, y: 0, z: 0}
  m_Children: []
  m_Father: {fileID: 437838}
  m_RootOrder: 0
--- !u!4 &481260
Transform:
  m_ObjectHideFlags: 1
  m_PrefabParentObject: {fileID: 0}
  m_PrefabInternal: {fileID: 100100000}
  m_GameObject: {fileID: 165222}
  m_LocalRotation: {x: -0.7071068, y: 0, z: 0, w: 0.7071068}
  m_LocalPosition: {x: 0, y: 2.7, z: 5.24}
  m_LocalScale: {x: 1, y: 1, z: 1}
  m_LocalEulerAnglesHint: {x: 0, y: 0, z: 0}
  m_Children: []
  m_Father: {fileID: 421946}
  m_RootOrder: 3
--- !u!4 &482106
Transform:
  m_ObjectHideFlags: 1
  m_PrefabParentObject: {fileID: 0}
  m_PrefabInternal: {fileID: 100100000}
  m_GameObject: {fileID: 137586}
  m_LocalRotation: {x: -9.3132246e-10, y: 0.000000014901159, z: -9.3132246e-10, w: 1}
  m_LocalPosition: {x: -0.9104389, y: -0.000545288, z: 0}
  m_LocalScale: {x: 1.0000001, y: 1.0000001, z: 1.0000001}
  m_LocalEulerAnglesHint: {x: 0, y: 0, z: 0}
  m_Children: []
  m_Father: {fileID: 483198}
  m_RootOrder: 0
--- !u!4 &482378
Transform:
  m_ObjectHideFlags: 1
  m_PrefabParentObject: {fileID: 0}
  m_PrefabInternal: {fileID: 100100000}
  m_GameObject: {fileID: 160546}
  m_LocalRotation: {x: 0.0000000018626451, y: 0.000000014901163, z: -2.775558e-17,
    w: 1}
  m_LocalPosition: {x: -1.0009619, y: -0.00074096676, z: 0}
  m_LocalScale: {x: 0.99999994, y: 1, z: 0.9999999}
  m_LocalEulerAnglesHint: {x: 0, y: 0, z: 0}
  m_Children: []
  m_Father: {fileID: 404782}
  m_RootOrder: 0
--- !u!4 &483198
Transform:
  m_ObjectHideFlags: 1
  m_PrefabParentObject: {fileID: 0}
  m_PrefabInternal: {fileID: 100100000}
  m_GameObject: {fileID: 160000}
  m_LocalRotation: {x: -9.3132246e-10, y: 0.000000014901159, z: -9.3132246e-10, w: 1}
  m_LocalPosition: {x: -0.83678144, y: -0.0007250976, z: 0}
  m_LocalScale: {x: 1.0000001, y: 1.0000001, z: 1.0000001}
  m_LocalEulerAnglesHint: {x: 0, y: 0, z: 0}
  m_Children:
  - {fileID: 482106}
  m_Father: {fileID: 494742}
  m_RootOrder: 0
--- !u!4 &483274
Transform:
  m_ObjectHideFlags: 1
  m_PrefabParentObject: {fileID: 0}
  m_PrefabInternal: {fileID: 100100000}
  m_GameObject: {fileID: 147074}
  m_LocalRotation: {x: 0.0000000042307837, y: 0.0000004973327, z: -0.15821062, w: 0.9874054}
  m_LocalPosition: {x: -0.887825, y: -0.0007963867, z: 0}
  m_LocalScale: {x: 1.0000001, y: 1.0000001, z: 1}
  m_LocalEulerAnglesHint: {x: 0, y: 0, z: 0}
  m_Children:
  - {fileID: 437838}
  m_Father: {fileID: 470092}
  m_RootOrder: 0
--- !u!4 &484358
Transform:
  m_ObjectHideFlags: 1
  m_PrefabParentObject: {fileID: 0}
  m_PrefabInternal: {fileID: 100100000}
  m_GameObject: {fileID: 186078}
  m_LocalRotation: {x: -0.06570866, y: 0.025304355, z: -0.3592094, w: 0.93059695}
  m_LocalPosition: {x: -2.719226, y: 0.20343944, z: 1.8151484}
  m_LocalScale: {x: 0.99999994, y: 0.9999998, z: 1}
  m_LocalEulerAnglesHint: {x: 0, y: 0, z: 0}
  m_Children:
  - {fileID: 472390}
  m_Father: {fileID: 418274}
  m_RootOrder: 1
--- !u!4 &484848
Transform:
  m_ObjectHideFlags: 1
  m_PrefabParentObject: {fileID: 0}
  m_PrefabInternal: {fileID: 100100000}
  m_GameObject: {fileID: 144924}
  m_LocalRotation: {x: 1.16415315e-10, y: -0.000000029802322, z: -2.3283064e-10, w: 1}
  m_LocalPosition: {x: -0.85529923, y: -0.00093164056, z: 0}
  m_LocalScale: {x: 1, y: 1, z: 1}
  m_LocalEulerAnglesHint: {x: 0, y: 0, z: 0}
  m_Children:
  - {fileID: 454046}
  m_Father: {fileID: 491230}
  m_RootOrder: 0
--- !u!4 &486232
Transform:
  m_ObjectHideFlags: 1
  m_PrefabParentObject: {fileID: 0}
  m_PrefabInternal: {fileID: 100100000}
  m_GameObject: {fileID: 182892}
  m_LocalRotation: {x: 0.00004361551, y: -0.054769926, z: -0.00000014459671, w: 0.99849904}
  m_LocalPosition: {x: -0.72256196, y: -0.00048022458, z: -0.0000004882812}
  m_LocalScale: {x: 0.99999994, y: 0.99999994, z: 0.99999994}
  m_LocalEulerAnglesHint: {x: 0, y: 0, z: 0}
  m_Children: []
  m_Father: {fileID: 429342}
  m_RootOrder: 0
--- !u!4 &486312
Transform:
  m_ObjectHideFlags: 1
  m_PrefabParentObject: {fileID: 0}
  m_PrefabInternal: {fileID: 100100000}
  m_GameObject: {fileID: 138178}
  m_LocalRotation: {x: 0.6459204, y: -0.5877009, z: -0.32813764, w: -0.36016682}
  m_LocalPosition: {x: -2.5584905, y: 2.672586, z: 4.5017195}
  m_LocalScale: {x: 0.99999994, y: 1, z: 0.9999998}
  m_LocalEulerAnglesHint: {x: 0, y: 0, z: 0}
  m_Children:
  - {fileID: 401550}
  m_Father: {fileID: 460566}
  m_RootOrder: 1
--- !u!4 &487644
Transform:
  m_ObjectHideFlags: 1
  m_PrefabParentObject: {fileID: 0}
  m_PrefabInternal: {fileID: 100100000}
  m_GameObject: {fileID: 156292}
  m_LocalRotation: {x: 0.0063790213, y: 0.047228664, z: -0.13448817, w: 0.9897685}
  m_LocalPosition: {x: -0.88752556, y: -0.000996582, z: 0.00000018310546}
  m_LocalScale: {x: 1.0000001, y: 1.0000001, z: 1.0000001}
  m_LocalEulerAnglesHint: {x: 0, y: 0, z: 0}
  m_Children:
  - {fileID: 493892}
  m_Father: {fileID: 447518}
  m_RootOrder: 0
--- !u!4 &491230
Transform:
  m_ObjectHideFlags: 1
  m_PrefabParentObject: {fileID: 0}
  m_PrefabInternal: {fileID: 100100000}
  m_GameObject: {fileID: 155452}
  m_LocalRotation: {x: 0.66062164, y: -0.6377341, z: -0.2888661, w: -0.27098083}
  m_LocalPosition: {x: -0.16779844, y: 2.2005775, z: 5.075592}
  m_LocalScale: {x: 1, y: 1.0000001, z: 1}
  m_LocalEulerAnglesHint: {x: 0, y: 0, z: 0}
  m_Children:
  - {fileID: 484848}
  m_Father: {fileID: 492002}
  m_RootOrder: 2
--- !u!4 &491310
Transform:
  m_ObjectHideFlags: 1
  m_PrefabParentObject: {fileID: 0}
  m_PrefabInternal: {fileID: 100100000}
  m_GameObject: {fileID: 168024}
  m_LocalRotation: {x: -0.0000000037252899, y: 0.000000014901163, z: -0.000000022351744,
    w: 1}
  m_LocalPosition: {x: -1.0201193, y: -0.00049218745, z: 0.0000014648436}
  m_LocalScale: {x: 0.99999994, y: 1, z: 1}
  m_LocalEulerAnglesHint: {x: 0, y: 0, z: 0}
  m_Children: []
  m_Father: {fileID: 457406}
  m_RootOrder: 0
--- !u!4 &492002
Transform:
  m_ObjectHideFlags: 1
  m_PrefabParentObject: {fileID: 0}
  m_PrefabInternal: {fileID: 100100000}
  m_GameObject: {fileID: 153840}
  m_LocalRotation: {x: -0.5089943, y: 0.49084017, z: 0.49084026, w: 0.50899565}
  m_LocalPosition: {x: 0, y: 0, z: 0}
  m_LocalScale: {x: 1, y: 1, z: 1}
  m_LocalEulerAnglesHint: {x: 0, y: 0, z: 0}
  m_Children:
  - {fileID: 460566}
  - {fileID: 464886}
  - {fileID: 491230}
  - {fileID: 436072}
  m_Father: {fileID: 464784}
  m_RootOrder: 0
--- !u!4 &493654
Transform:
  m_ObjectHideFlags: 1
  m_PrefabParentObject: {fileID: 0}
  m_PrefabInternal: {fileID: 100100000}
  m_GameObject: {fileID: 172900}
  m_LocalRotation: {x: -0.7071068, y: 0, z: 0, w: 0.7071068}
  m_LocalPosition: {x: 0, y: 2.99, z: 3.44}
  m_LocalScale: {x: 1, y: 1, z: 1}
  m_LocalEulerAnglesHint: {x: 0, y: 0, z: 0}
  m_Children: []
  m_Father: {fileID: 421946}
  m_RootOrder: 0
--- !u!4 &493892
Transform:
  m_ObjectHideFlags: 1
  m_PrefabParentObject: {fileID: 0}
  m_PrefabInternal: {fileID: 100100000}
  m_GameObject: {fileID: 144224}
  m_LocalRotation: {x: -0.0009411722, y: -0.01070689, z: -0.088353224, w: 0.9960312}
  m_LocalPosition: {x: -1.2987945, y: -0.0009023437, z: -0.00000018310546}
  m_LocalScale: {x: 0.99999994, y: 0.9999999, z: 1}
  m_LocalEulerAnglesHint: {x: 0, y: 0, z: 0}
  m_Children:
  - {fileID: 405208}
  m_Father: {fileID: 487644}
  m_RootOrder: 0
--- !u!4 &494742
Transform:
  m_ObjectHideFlags: 1
  m_PrefabParentObject: {fileID: 0}
  m_PrefabInternal: {fileID: 100100000}
  m_GameObject: {fileID: 198602}
  m_LocalRotation: {x: 0.6738497, y: -0.6077502, z: 0.29631853, w: 0.29792893}
  m_LocalPosition: {x: -0.8983044, y: 2.399805, z: -4.916434}
  m_LocalScale: {x: 1, y: 1, z: 1}
  m_LocalEulerAnglesHint: {x: 0, y: 0, z: 0}
  m_Children:
  - {fileID: 483198}
  m_Father: {fileID: 460566}
  m_RootOrder: 4
--- !u!4 &496076
Transform:
  m_ObjectHideFlags: 1
  m_PrefabParentObject: {fileID: 0}
  m_PrefabInternal: {fileID: 100100000}
  m_GameObject: {fileID: 156748}
  m_LocalRotation: {x: 1.1641532e-10, y: 0.000000014901161, z: 1.1641532e-10, w: 1}
  m_LocalPosition: {x: -0.85529923, y: -0.0009317016, z: 0}
  m_LocalScale: {x: 1, y: 0.99999994, z: 0.9999999}
  m_LocalEulerAnglesHint: {x: 0, y: 0, z: 0}
  m_Children:
  - {fileID: 475670}
  m_Father: {fileID: 436072}
  m_RootOrder: 0
--- !u!4 &496560
Transform:
  m_ObjectHideFlags: 1
  m_PrefabParentObject: {fileID: 0}
  m_PrefabInternal: {fileID: 100100000}
  m_GameObject: {fileID: 132024}
  m_LocalRotation: {x: 0.6507203, y: 0.62043166, z: -0.30190444, w: 0.31698796}
  m_LocalPosition: {x: -0.80179024, y: -1.5570992, z: 4.7481265}
  m_LocalScale: {x: 1.0000002, y: 1, z: 1.0000001}
  m_LocalEulerAnglesHint: {x: 0, y: 0, z: 0}
  m_Children:
  - {fileID: 432662}
  m_Father: {fileID: 464886}
  m_RootOrder: 1
--- !u!65 &6502492
BoxCollider:
  m_ObjectHideFlags: 1
  m_PrefabParentObject: {fileID: 0}
  m_PrefabInternal: {fileID: 100100000}
  m_GameObject: {fileID: 110626}
  m_Material: {fileID: 0}
  m_IsTrigger: 1
  m_Enabled: 1
  serializedVersion: 2
  m_Size: {x: 1, y: 1, z: 1}
  m_Center: {x: 0, y: 0, z: 0}
--- !u!95 &9518198
Animator:
  serializedVersion: 3
  m_ObjectHideFlags: 1
  m_PrefabParentObject: {fileID: 0}
  m_PrefabInternal: {fileID: 100100000}
  m_GameObject: {fileID: 142330}
  m_Enabled: 1
  m_Avatar: {fileID: 9000000, guid: 69e036e94773995458d8bfc5d5d18826, type: 3}
  m_Controller: {fileID: 0}
  m_CullingMode: 1
  m_UpdateMode: 0
  m_ApplyRootMotion: 0
  m_LinearVelocityBlending: 0
  m_WarningMessage: 
  m_HasTransformHierarchy: 1
  m_AllowConstantClipSamplingOptimization: 1
--- !u!95 &9560292
Animator:
  serializedVersion: 3
  m_ObjectHideFlags: 1
  m_PrefabParentObject: {fileID: 0}
  m_PrefabInternal: {fileID: 100100000}
  m_GameObject: {fileID: 110626}
  m_Enabled: 1
  m_Avatar: {fileID: 9000000, guid: f2e19fa57644bb145ad2883bac28bd2c, type: 3}
  m_Controller: {fileID: 9100000, guid: 9e230d177a6e43d4fb117c717975f000, type: 2}
  m_CullingMode: 1
  m_UpdateMode: 0
  m_ApplyRootMotion: 0
  m_LinearVelocityBlending: 0
  m_WarningMessage: 
  m_HasTransformHierarchy: 1
  m_AllowConstantClipSamplingOptimization: 1
--- !u!114 &11405560
MonoBehaviour:
  m_ObjectHideFlags: 1
  m_PrefabParentObject: {fileID: 0}
  m_PrefabInternal: {fileID: 100100000}
  m_GameObject: {fileID: 110626}
  m_Enabled: 1
  m_EditorHideFlags: 0
  m_Script: {fileID: 11500000, guid: 546c7a553b570964aaa676192ef60105, type: 3}
  m_Name: 
  m_EditorClassIdentifier: 
  AttributeInfoText: 
  InfoText: 
--- !u!114 &11412880
MonoBehaviour:
  m_ObjectHideFlags: 1
  m_PrefabParentObject: {fileID: 0}
  m_PrefabInternal: {fileID: 100100000}
  m_GameObject: {fileID: 110626}
  m_Enabled: 1
  m_EditorHideFlags: 0
  m_Script: {fileID: 11500000, guid: 07e97c4aa963e4d4f8581d68ba88491e, type: 3}
  m_Name: 
  m_EditorClassIdentifier: 
  HitArea: {fileID: 493654}
  HitRange: {fileID: 444940}
  PointerFocus: {fileID: 481260}
  InfoHelper: {fileID: 406052}
  SelectorSize: {x: 6, y: 6}
--- !u!114 &11468734
MonoBehaviour:
  m_ObjectHideFlags: 1
  m_PrefabParentObject: {fileID: 0}
  m_PrefabInternal: {fileID: 100100000}
  m_GameObject: {fileID: 110626}
  m_Enabled: 1
  m_EditorHideFlags: 0
  m_Script: {fileID: 11500000, guid: e1b4388daa4582b45817a892986eeaf2, type: 3}
  m_Name: 
  m_EditorClassIdentifier: 
--- !u!114 &11478180
MonoBehaviour:
  m_ObjectHideFlags: 1
  m_PrefabParentObject: {fileID: 0}
  m_PrefabInternal: {fileID: 100100000}
  m_GameObject: {fileID: 110626}
  m_Enabled: 1
  m_EditorHideFlags: 0
  m_Script: {fileID: 11500000, guid: 5e024dbfc1f932b49994c5ffc3f85659, type: 3}
  m_Name: 
  m_EditorClassIdentifier: 
  _ID: 
  _Name: Ruggamsh
  _Type: 2
  _EncounterClass: 1
  MonsterSize: 0
  _Items: []
  _Magics:
    _MagicPresets: []
    MaxMagicPreset: 16
  _Skills: []
  Exp: 0
  Level: 0
  AverageAttribute: 1
  enemyType: 0
  counterData: []
  counterDataAlly: []
  _AIEncounter: []
  EncForm:
    Monster:
      ID: 
      Name: 
      Description: 
      baseExp: 0
      baseLevel: 0
      HealthModifier: 0
      IsFlying: 0
      Class: 0
      Element: 0
      Projectile: 0
      MonsterSize: 0
      Weapon: 2
      Armor: 0
      EnemyType: 0
      Attribute:
        Name: 
        AttributeGrowth: []
      PrefabName: 
      EncounterBaseAttributes: []
      BattleGrowth: []
      EncounterMagics: []
      OffensiveBattleSkills: []
      EncounterItems: []
      EncounterLoots: []
      IsResistDebuff: 0
      DebuffException: 
    MonsterLvl: 0
    ReplaceHealth: 0
    HealthMonster: 0
    Position: {x: 0, y: 1}
    ReplaceAttributes: 0
    EncounterBaseAttributes: []
  ResistDebuff: 0
  ResistException: 
--- !u!114 &11496002
MonoBehaviour:
  m_ObjectHideFlags: 1
  m_PrefabParentObject: {fileID: 0}
  m_PrefabInternal: {fileID: 100100000}
  m_GameObject: {fileID: 110626}
  m_Enabled: 1
  m_EditorHideFlags: 0
  m_Script: {fileID: 11500000, guid: 3937e7bf4003d364e87d8175ee2f0b52, type: 3}
  m_Name: 
  m_EditorClassIdentifier: 
--- !u!137 &13726488
SkinnedMeshRenderer:
  m_ObjectHideFlags: 1
  m_PrefabParentObject: {fileID: 0}
  m_PrefabInternal: {fileID: 100100000}
  m_GameObject: {fileID: 198232}
  m_Enabled: 1
  m_CastShadows: 1
  m_ReceiveShadows: 1
  m_Materials:
  - {fileID: 2100000, guid: fab8e866371366940b66da5f70775dd8, type: 2}
  m_SubsetIndices: 
  m_StaticBatchRoot: {fileID: 0}
  m_UseLightProbes: 1
  m_ReflectionProbeUsage: 1
  m_ProbeAnchor: {fileID: 0}
  m_ScaleInLightmap: 1
  m_PreserveUVs: 0
  m_IgnoreNormalsForChartDetection: 0
  m_ImportantGI: 0
  m_MinimumChartSize: 4
  m_AutoUVMaxDistance: 0.5
  m_AutoUVMaxAngle: 89
  m_LightmapParameters: {fileID: 0}
  m_SortingLayerID: 0
  m_SortingOrder: 0
  serializedVersion: 2
  m_Quality: 0
  m_UpdateWhenOffscreen: 0
  m_Mesh: {fileID: 4300000, guid: 69e036e94773995458d8bfc5d5d18826, type: 3}
  m_Bones:
  - {fileID: 483274}
  - {fileID: 470092}
  - {fileID: 486312}
  - {fileID: 454562}
  - {fileID: 464886}
  - {fileID: 460566}
  - {fileID: 418274}
  - {fileID: 437838}
  - {fileID: 481168}
  - {fileID: 413984}
  - {fileID: 408108}
  - {fileID: 468224}
  - {fileID: 463390}
  - {fileID: 484358}
  - {fileID: 473018}
  - {fileID: 472390}
  - {fileID: 417540}
  - {fileID: 466872}
  - {fileID: 414504}
  - {fileID: 417134}
  - {fileID: 428538}
  - {fileID: 478364}
  - {fileID: 452850}
  - {fileID: 496560}
  - {fileID: 425620}
  - {fileID: 491230}
  - {fileID: 416998}
  - {fileID: 492002}
  - {fileID: 484848}
  - {fileID: 464784}
  - {fileID: 432662}
  - {fileID: 427342}
  - {fileID: 431380}
  - {fileID: 454046}
  - {fileID: 413592}
  - {fileID: 465960}
  - {fileID: 401550}
  - {fileID: 455222}
  - {fileID: 450666}
  - {fileID: 425872}
  - {fileID: 420976}
  - {fileID: 403682}
  - {fileID: 458812}
  - {fileID: 457406}
  - {fileID: 491310}
  - {fileID: 493892}
  - {fileID: 487644}
  - {fileID: 405208}
  - {fileID: 447518}
  - {fileID: 478036}
  - {fileID: 452594}
  - {fileID: 494742}
  - {fileID: 444636}
  - {fileID: 466934}
  - {fileID: 436072}
  - {fileID: 483198}
  - {fileID: 496076}
  - {fileID: 404782}
  - {fileID: 449490}
  - {fileID: 412656}
  - {fileID: 475670}
  - {fileID: 482378}
  - {fileID: 486232}
  - {fileID: 429342}
  - {fileID: 482106}
  m_BlendShapeWeights: []
  m_RootBone: {fileID: 464784}
  m_AABB:
    m_Center: {x: -1.5442002, y: -0.000002861023, z: 0.41499472}
    m_Extent: {x: 5.8245735, y: 7.743588, z: 8.768536}
  m_DirtyAABB: 0
--- !u!1001 &100100000
Prefab:
  m_ObjectHideFlags: 1
  serializedVersion: 2
  m_Modification:
    m_TransformParent: {fileID: 0}
    m_Modifications:
    - target: {fileID: 0}
      propertyPath: m_Controller
      value: 
      objectReference: {fileID: 9100000, guid: 9e230d177a6e43d4fb117c717975f000, type: 2}
    - target: {fileID: 0}
      propertyPath: _Name
      value: Ruggamsh
      objectReference: {fileID: 0}
    - target: {fileID: 0}
      propertyPath: m_LocalPosition.y
      value: 1.2
      objectReference: {fileID: 0}
    - target: {fileID: 0}
      propertyPath: m_LocalPosition.z
      value: 5.24
      objectReference: {fileID: 0}
    m_RemovedComponents: []
  m_ParentPrefab: {fileID: 0}
  m_RootGameObject: {fileID: 110626}
  m_IsPrefabParent: 1
