%YAML 1.1
%TAG !u! tag:unity3d.com,2011:
--- !u!1 &100616
GameObject:
  m_ObjectHideFlags: 1
  m_PrefabParentObject: {fileID: 0}
  m_PrefabInternal: {fileID: 100100000}
  serializedVersion: 4
  m_Component:
  - 4: {fileID: 421008}
  m_Layer: 0
  m_Name: Bip001 Spine2
  m_TagString: Untagged
  m_Icon: {fileID: 0}
  m_NavMeshLayer: 0
  m_StaticEditorFlags: 0
  m_IsActive: 1
--- !u!1 &102048
GameObject:
  m_ObjectHideFlags: 1
  m_PrefabParentObject: {fileID: 0}
  m_PrefabInternal: {fileID: 100100000}
  serializedVersion: 4
  m_Component:
  - 4: {fileID: 431362}
  m_Layer: 0
  m_Name: Bip001 R Toe0
  m_TagString: Untagged
  m_Icon: {fileID: 0}
  m_NavMeshLayer: 0
  m_StaticEditorFlags: 0
  m_IsActive: 1
--- !u!1 &104300
GameObject:
  m_ObjectHideFlags: 1
  m_PrefabParentObject: {fileID: 0}
  m_PrefabInternal: {fileID: 100100000}
  serializedVersion: 4
  m_Component:
  - 4: {fileID: 446928}
  m_Layer: 0
  m_Name: Bip001 Neck
  m_TagString: Untagged
  m_Icon: {fileID: 0}
  m_NavMeshLayer: 0
  m_StaticEditorFlags: 0
  m_IsActive: 1
--- !u!1 &105422
GameObject:
  m_ObjectHideFlags: 1
  m_PrefabParentObject: {fileID: 0}
  m_PrefabInternal: {fileID: 100100000}
  serializedVersion: 4
  m_Component:
  - 4: {fileID: 429362}
  m_Layer: 0
  m_Name: Bip001 L Hand
  m_TagString: Untagged
  m_Icon: {fileID: 0}
  m_NavMeshLayer: 0
  m_StaticEditorFlags: 0
  m_IsActive: 1
--- !u!1 &106736
GameObject:
  m_ObjectHideFlags: 0
  m_PrefabParentObject: {fileID: 0}
  m_PrefabInternal: {fileID: 100100000}
  serializedVersion: 4
  m_Component:
  - 4: {fileID: 467240}
  m_Layer: 0
  m_Name: Bip001
  m_TagString: Untagged
  m_Icon: {fileID: 0}
  m_NavMeshLayer: 0
  m_StaticEditorFlags: 0
  m_IsActive: 1
--- !u!1 &113522
GameObject:
  m_ObjectHideFlags: 1
  m_PrefabParentObject: {fileID: 0}
  m_PrefabInternal: {fileID: 100100000}
  serializedVersion: 4
  m_Component:
  - 4: {fileID: 481418}
  m_Layer: 0
  m_Name: Bip001 R Foot
  m_TagString: Untagged
  m_Icon: {fileID: 0}
  m_NavMeshLayer: 0
  m_StaticEditorFlags: 0
  m_IsActive: 1
--- !u!1 &117400
GameObject:
  m_ObjectHideFlags: 1
  m_PrefabParentObject: {fileID: 0}
  m_PrefabInternal: {fileID: 100100000}
  serializedVersion: 4
  m_Component:
  - 4: {fileID: 454276}
  m_Layer: 0
  m_Name: Bip001 L Clavicle
  m_TagString: Untagged
  m_Icon: {fileID: 0}
  m_NavMeshLayer: 0
  m_StaticEditorFlags: 0
  m_IsActive: 1
--- !u!1 &118172
GameObject:
  m_ObjectHideFlags: 1
  m_PrefabParentObject: {fileID: 0}
  m_PrefabInternal: {fileID: 100100000}
  serializedVersion: 4
  m_Component:
  - 4: {fileID: 484436}
  m_Layer: 0
  m_Name: Bip001 L Forearm
  m_TagString: Untagged
  m_Icon: {fileID: 0}
  m_NavMeshLayer: 0
  m_StaticEditorFlags: 0
  m_IsActive: 1
--- !u!1 &118806
GameObject:
  m_ObjectHideFlags: 1
  m_PrefabParentObject: {fileID: 0}
  m_PrefabInternal: {fileID: 100100000}
  serializedVersion: 4
  m_Component:
  - 4: {fileID: 406570}
  m_Layer: 0
  m_Name: Bip001 R Thigh
  m_TagString: Untagged
  m_Icon: {fileID: 0}
  m_NavMeshLayer: 0
  m_StaticEditorFlags: 0
  m_IsActive: 1
--- !u!1 &119328
GameObject:
  m_ObjectHideFlags: 1
  m_PrefabParentObject: {fileID: 0}
  m_PrefabInternal: {fileID: 100100000}
  serializedVersion: 4
  m_Component:
  - 4: {fileID: 446054}
  m_Layer: 0
  m_Name: Bip001 L Calf
  m_TagString: Untagged
  m_Icon: {fileID: 0}
  m_NavMeshLayer: 0
  m_StaticEditorFlags: 0
  m_IsActive: 1
--- !u!1 &119524
GameObject:
  m_ObjectHideFlags: 1
  m_PrefabParentObject: {fileID: 0}
  m_PrefabInternal: {fileID: 100100000}
  serializedVersion: 4
  m_Component:
  - 4: {fileID: 451508}
  m_Layer: 0
  m_Name: Bip001 Pelvis
  m_TagString: Untagged
  m_Icon: {fileID: 0}
  m_NavMeshLayer: 0
  m_StaticEditorFlags: 0
  m_IsActive: 1
--- !u!1 &126758
GameObject:
  m_ObjectHideFlags: 1
  m_PrefabParentObject: {fileID: 0}
  m_PrefabInternal: {fileID: 100100000}
  serializedVersion: 4
  m_Component:
  - 4: {fileID: 425832}
  m_Layer: 0
  m_Name: Bip001 R Finger0
  m_TagString: Untagged
  m_Icon: {fileID: 0}
  m_NavMeshLayer: 0
  m_StaticEditorFlags: 0
  m_IsActive: 1
--- !u!1 &128796
GameObject:
  m_ObjectHideFlags: 1
  m_PrefabParentObject: {fileID: 0}
  m_PrefabInternal: {fileID: 100100000}
  serializedVersion: 4
  m_Component:
  - 4: {fileID: 490806}
  m_Layer: 0
  m_Name: Bip001 Head
  m_TagString: Untagged
  m_Icon: {fileID: 0}
  m_NavMeshLayer: 0
  m_StaticEditorFlags: 0
  m_IsActive: 1
--- !u!1 &129364
GameObject:
  m_ObjectHideFlags: 1
  m_PrefabParentObject: {fileID: 0}
  m_PrefabInternal: {fileID: 100100000}
  serializedVersion: 4
  m_Component:
  - 4: {fileID: 440780}
  m_Layer: 0
  m_Name: Bip001 R Hand
  m_TagString: Untagged
  m_Icon: {fileID: 0}
  m_NavMeshLayer: 0
  m_StaticEditorFlags: 0
  m_IsActive: 1
--- !u!1 &134774
GameObject:
  m_ObjectHideFlags: 1
  m_PrefabParentObject: {fileID: 0}
  m_PrefabInternal: {fileID: 100100000}
  serializedVersion: 4
  m_Component:
  - 4: {fileID: 421302}
  m_Layer: 0
  m_Name: Bip001 R Calf
  m_TagString: Untagged
  m_Icon: {fileID: 0}
  m_NavMeshLayer: 0
  m_StaticEditorFlags: 0
  m_IsActive: 1
--- !u!1 &137800
GameObject:
  m_ObjectHideFlags: 1
  m_PrefabParentObject: {fileID: 0}
  m_PrefabInternal: {fileID: 100100000}
  serializedVersion: 4
  m_Component:
  - 4: {fileID: 456050}
  m_Layer: 0
  m_Name: Bip001 L Thigh
  m_TagString: Untagged
  m_Icon: {fileID: 0}
  m_NavMeshLayer: 0
  m_StaticEditorFlags: 0
  m_IsActive: 1
--- !u!1 &138442
GameObject:
  m_ObjectHideFlags: 1
  m_PrefabParentObject: {fileID: 0}
  m_PrefabInternal: {fileID: 100100000}
  serializedVersion: 4
  m_Component:
  - 4: {fileID: 491598}
  m_Layer: 0
  m_Name: Bip001 L Finger0
  m_TagString: Untagged
  m_Icon: {fileID: 0}
  m_NavMeshLayer: 0
  m_StaticEditorFlags: 0
  m_IsActive: 1
--- !u!1 &138734
GameObject:
  m_ObjectHideFlags: 0
  m_PrefabParentObject: {fileID: 0}
  m_PrefabInternal: {fileID: 100100000}
  serializedVersion: 4
  m_Component:
  - 4: {fileID: 489930}
  m_Layer: 0
  m_Name: HLP_Hit_Area
  m_TagString: Untagged
  m_Icon: {fileID: 0}
  m_NavMeshLayer: 0
  m_StaticEditorFlags: 0
  m_IsActive: 1
--- !u!1 &139812
GameObject:
  m_ObjectHideFlags: 1
  m_PrefabParentObject: {fileID: 0}
  m_PrefabInternal: {fileID: 100100000}
  serializedVersion: 4
  m_Component:
  - 4: {fileID: 494008}
  m_Layer: 0
  m_Name: Bip001 L Foot
  m_TagString: Untagged
  m_Icon: {fileID: 0}
  m_NavMeshLayer: 0
  m_StaticEditorFlags: 0
  m_IsActive: 1
--- !u!1 &139850
GameObject:
  m_ObjectHideFlags: 1
  m_PrefabParentObject: {fileID: 0}
  m_PrefabInternal: {fileID: 100100000}
  serializedVersion: 4
  m_Component:
  - 4: {fileID: 404270}
  m_Layer: 0
  m_Name: Bip001 Xtra02Opp02
  m_TagString: Untagged
  m_Icon: {fileID: 0}
  m_NavMeshLayer: 0
  m_StaticEditorFlags: 0
  m_IsActive: 1
--- !u!1 &148384
GameObject:
  m_ObjectHideFlags: 1
  m_PrefabParentObject: {fileID: 0}
  m_PrefabInternal: {fileID: 100100000}
  serializedVersion: 4
  m_Component:
  - 4: {fileID: 488168}
  m_Layer: 0
  m_Name: Bip001 L Toe0
  m_TagString: Untagged
  m_Icon: {fileID: 0}
  m_NavMeshLayer: 0
  m_StaticEditorFlags: 0
  m_IsActive: 1
--- !u!1 &159672
GameObject:
  m_ObjectHideFlags: 0
  m_PrefabParentObject: {fileID: 0}
  m_PrefabInternal: {fileID: 100100000}
  serializedVersion: 4
  m_Component:
  - 4: {fileID: 475434}
  - 95: {fileID: 9552322}
  - 114: {fileID: 11451168}
  - 114: {fileID: 11419934}
  - 114: {fileID: 11410912}
  - 114: {fileID: 11494532}
  - 114: {fileID: 11449402}
  m_Layer: 0
  m_Name: CR-19-A
  m_TagString: Untagged
  m_Icon: {fileID: 0}
  m_NavMeshLayer: 0
  m_StaticEditorFlags: 0
  m_IsActive: 1
--- !u!1 &160726
GameObject:
  m_ObjectHideFlags: 0
  m_PrefabParentObject: {fileID: 0}
  m_PrefabInternal: {fileID: 100100000}
  serializedVersion: 4
  m_Component:
  - 4: {fileID: 433396}
  m_Layer: 0
  m_Name: HLP_Info
  m_TagString: Untagged
  m_Icon: {fileID: 0}
  m_NavMeshLayer: 0
  m_StaticEditorFlags: 0
  m_IsActive: 1
--- !u!1 &163186
GameObject:
  m_ObjectHideFlags: 0
  m_PrefabParentObject: {fileID: 0}
  m_PrefabInternal: {fileID: 100100000}
  serializedVersion: 4
  m_Component:
  - 4: {fileID: 466268}
  m_Layer: 0
  m_Name: HLP_Hit_Range
  m_TagString: Untagged
  m_Icon: {fileID: 0}
  m_NavMeshLayer: 0
  m_StaticEditorFlags: 0
  m_IsActive: 1
--- !u!1 &165076
GameObject:
  m_ObjectHideFlags: 1
  m_PrefabParentObject: {fileID: 0}
  m_PrefabInternal: {fileID: 100100000}
  serializedVersion: 4
  m_Component:
  - 4: {fileID: 433512}
  m_Layer: 0
  m_Name: Bip001 R Forearm
  m_TagString: Untagged
  m_Icon: {fileID: 0}
  m_NavMeshLayer: 0
  m_StaticEditorFlags: 0
  m_IsActive: 1
--- !u!1 &165242
GameObject:
  m_ObjectHideFlags: 1
  m_PrefabParentObject: {fileID: 0}
  m_PrefabInternal: {fileID: 100100000}
  serializedVersion: 4
  m_Component:
  - 4: {fileID: 467366}
  m_Layer: 0
  m_Name: Bip001 Spine
  m_TagString: Untagged
  m_Icon: {fileID: 0}
  m_NavMeshLayer: 0
  m_StaticEditorFlags: 0
  m_IsActive: 1
--- !u!1 &166962
GameObject:
  m_ObjectHideFlags: 1
  m_PrefabParentObject: {fileID: 0}
  m_PrefabInternal: {fileID: 100100000}
  serializedVersion: 4
  m_Component:
  - 4: {fileID: 498082}
  m_Layer: 0
  m_Name: Bip001 Xtra05
  m_TagString: Untagged
  m_Icon: {fileID: 0}
  m_NavMeshLayer: 0
  m_StaticEditorFlags: 0
  m_IsActive: 1
--- !u!1 &168848
GameObject:
  m_ObjectHideFlags: 1
  m_PrefabParentObject: {fileID: 0}
  m_PrefabInternal: {fileID: 100100000}
  serializedVersion: 4
  m_Component:
  - 4: {fileID: 414796}
  m_Layer: 0
  m_Name: Bip001 R Clavicle
  m_TagString: Untagged
  m_Icon: {fileID: 0}
  m_NavMeshLayer: 0
  m_StaticEditorFlags: 0
  m_IsActive: 1
--- !u!1 &170060
GameObject:
  m_ObjectHideFlags: 1
  m_PrefabParentObject: {fileID: 0}
  m_PrefabInternal: {fileID: 100100000}
  serializedVersion: 4
  m_Component:
  - 4: {fileID: 401740}
  m_Layer: 0
  m_Name: Bip001 Xtra0202
  m_TagString: Untagged
  m_Icon: {fileID: 0}
  m_NavMeshLayer: 0
  m_StaticEditorFlags: 0
  m_IsActive: 1
--- !u!1 &178022
GameObject:
  m_ObjectHideFlags: 1
  m_PrefabParentObject: {fileID: 0}
  m_PrefabInternal: {fileID: 100100000}
  serializedVersion: 4
  m_Component:
  - 4: {fileID: 412354}
  m_Layer: 0
  m_Name: Bip001 Tail
  m_TagString: Untagged
  m_Icon: {fileID: 0}
  m_NavMeshLayer: 0
  m_StaticEditorFlags: 0
  m_IsActive: 1
--- !u!1 &179852
GameObject:
  m_ObjectHideFlags: 1
  m_PrefabParentObject: {fileID: 0}
  m_PrefabInternal: {fileID: 100100000}
  serializedVersion: 4
  m_Component:
  - 4: {fileID: 403136}
  m_Layer: 0
  m_Name: Bip001 R UpperArm
  m_TagString: Untagged
  m_Icon: {fileID: 0}
  m_NavMeshLayer: 0
  m_StaticEditorFlags: 0
  m_IsActive: 1
--- !u!1 &180642
GameObject:
  m_ObjectHideFlags: 0
  m_PrefabParentObject: {fileID: 0}
  m_PrefabInternal: {fileID: 100100000}
  serializedVersion: 4
  m_Component:
  - 4: {fileID: 461060}
  - 137: {fileID: 13756570}
  m_Layer: 0
  m_Name: Cre_Mbedug_Body
  m_TagString: Untagged
  m_Icon: {fileID: 0}
  m_NavMeshLayer: 0
  m_StaticEditorFlags: 0
  m_IsActive: 1
--- !u!1 &187594
GameObject:
  m_ObjectHideFlags: 1
  m_PrefabParentObject: {fileID: 0}
  m_PrefabInternal: {fileID: 100100000}
  serializedVersion: 4
  m_Component:
  - 4: {fileID: 481394}
  m_Layer: 0
  m_Name: Bip001 Xtra02Opp
  m_TagString: Untagged
  m_Icon: {fileID: 0}
  m_NavMeshLayer: 0
  m_StaticEditorFlags: 0
  m_IsActive: 1
--- !u!1 &189554
GameObject:
  m_ObjectHideFlags: 1
  m_PrefabParentObject: {fileID: 0}
  m_PrefabInternal: {fileID: 100100000}
  serializedVersion: 4
  m_Component:
  - 4: {fileID: 462098}
  m_Layer: 0
  m_Name: Bip001 L UpperArm
  m_TagString: Untagged
  m_Icon: {fileID: 0}
  m_NavMeshLayer: 0
  m_StaticEditorFlags: 0
  m_IsActive: 1
--- !u!1 &190136
GameObject:
  m_ObjectHideFlags: 0
  m_PrefabParentObject: {fileID: 0}
  m_PrefabInternal: {fileID: 100100000}
  serializedVersion: 4
  m_Component:
  - 4: {fileID: 402702}
  m_Layer: 0
  m_Name: HLP_Focus_Camera
  m_TagString: Untagged
  m_Icon: {fileID: 0}
  m_NavMeshLayer: 0
  m_StaticEditorFlags: 0
  m_IsActive: 1
--- !u!1 &192050
GameObject:
  m_ObjectHideFlags: 1
  m_PrefabParentObject: {fileID: 0}
  m_PrefabInternal: {fileID: 100100000}
  serializedVersion: 4
  m_Component:
  - 4: {fileID: 497764}
  m_Layer: 0
  m_Name: Bip001 Xtra04
  m_TagString: Untagged
  m_Icon: {fileID: 0}
  m_NavMeshLayer: 0
  m_StaticEditorFlags: 0
  m_IsActive: 1
--- !u!1 &195716
GameObject:
  m_ObjectHideFlags: 1
  m_PrefabParentObject: {fileID: 0}
  m_PrefabInternal: {fileID: 100100000}
  serializedVersion: 4
  m_Component:
  - 4: {fileID: 464256}
  m_Layer: 0
  m_Name: Bip001 Xtra03
  m_TagString: Untagged
  m_Icon: {fileID: 0}
  m_NavMeshLayer: 0
  m_StaticEditorFlags: 0
  m_IsActive: 1
--- !u!1 &196444
GameObject:
  m_ObjectHideFlags: 1
  m_PrefabParentObject: {fileID: 0}
  m_PrefabInternal: {fileID: 100100000}
  serializedVersion: 4
  m_Component:
  - 4: {fileID: 415134}
  m_Layer: 0
  m_Name: Bip001 Spine1
  m_TagString: Untagged
  m_Icon: {fileID: 0}
  m_NavMeshLayer: 0
  m_StaticEditorFlags: 0
  m_IsActive: 1
--- !u!1 &197158
GameObject:
  m_ObjectHideFlags: 1
  m_PrefabParentObject: {fileID: 0}
  m_PrefabInternal: {fileID: 100100000}
  serializedVersion: 4
  m_Component:
  - 4: {fileID: 446822}
  m_Layer: 0
  m_Name: Bip001 Xtra02
  m_TagString: Untagged
  m_Icon: {fileID: 0}
  m_NavMeshLayer: 0
  m_StaticEditorFlags: 0
  m_IsActive: 1
--- !u!4 &401740
Transform:
  m_ObjectHideFlags: 1
  m_PrefabParentObject: {fileID: 0}
  m_PrefabInternal: {fileID: 100100000}
  m_GameObject: {fileID: 170060}
  m_LocalRotation: {x: 0.00000003368728, y: 0.00000035634935, z: -0.13547899, w: 0.99078023}
  m_LocalPosition: {x: -0.10892828, y: -0.000083511346, z: -0.00000006103515}
  m_LocalScale: {x: 1.0000001, y: 1, z: 1}
  m_LocalEulerAnglesHint: {x: 0, y: 0, z: -15.572599}
  m_Children: []
  m_Father: {fileID: 446822}
  m_RootOrder: 0
--- !u!4 &402702
Transform:
  m_ObjectHideFlags: 1
  m_PrefabParentObject: {fileID: 0}
  m_PrefabInternal: {fileID: 100100000}
  m_GameObject: {fileID: 190136}
  m_LocalRotation: {x: 0, y: 0, z: 0, w: 1}
  m_LocalPosition: {x: 0, y: 0.894, z: 0.974}
  m_LocalScale: {x: 1, y: 1, z: 1}
  m_LocalEulerAnglesHint: {x: 0, y: 0, z: 0}
  m_Children: []
  m_Father: {fileID: 475434}
  m_RootOrder: 4
--- !u!4 &403136
Transform:
  m_ObjectHideFlags: 1
  m_PrefabParentObject: {fileID: 0}
  m_PrefabInternal: {fileID: 100100000}
  m_GameObject: {fileID: 179852}
  m_LocalRotation: {x: 0.2022945, y: -0.13493505, z: 0.12082625, w: 0.96242946}
  m_LocalPosition: {x: -0.1334228, y: 0.00000006103515, z: 0.000000030517576}
  m_LocalScale: {x: 1, y: 1.0000001, z: 1}
  m_LocalEulerAnglesHint: {x: 24.9606, y: -13.4484, z: 11.3217}
  m_Children:
  - {fileID: 433512}
  m_Father: {fileID: 414796}
  m_RootOrder: 0
--- !u!4 &404270
Transform:
  m_ObjectHideFlags: 1
  m_PrefabParentObject: {fileID: 0}
  m_PrefabInternal: {fileID: 100100000}
  m_GameObject: {fileID: 139850}
  m_LocalRotation: {x: -0.000000052876576, y: 0.000000383226, z: -0.135479, w: 0.99078023}
  m_LocalPosition: {x: -0.10892825, y: -0.00008354186, z: -0.00000006103515}
  m_LocalScale: {x: 0.99999994, y: 0.9999999, z: 1}
  m_LocalEulerAnglesHint: {x: 0, y: 0, z: -15.572599}
  m_Children: []
  m_Father: {fileID: 481394}
  m_RootOrder: 0
--- !u!4 &406570
Transform:
  m_ObjectHideFlags: 1
  m_PrefabParentObject: {fileID: 0}
  m_PrefabInternal: {fileID: 100100000}
  m_GameObject: {fileID: 118806}
  m_LocalRotation: {x: 0.9003641, y: -0.37820116, z: 0.08983314, w: 0.19554628}
  m_LocalPosition: {x: 0.1485161, y: -0.07543197, z: -0.2050702}
  m_LocalScale: {x: 1, y: 1, z: 0.99999994}
  m_LocalEulerAnglesHint: {x: 24.8394, y: 179.12529, z: -134.62259}
  m_Children:
  - {fileID: 421302}
  m_Father: {fileID: 467366}
  m_RootOrder: 1
--- !u!4 &412354
Transform:
  m_ObjectHideFlags: 1
  m_PrefabParentObject: {fileID: 0}
  m_PrefabInternal: {fileID: 100100000}
  m_GameObject: {fileID: 178022}
  m_LocalRotation: {x: 0.0000002559039, y: -0.0000019709278, z: 0.56017876, w: 0.82837176}
  m_LocalPosition: {x: 0.16852978, y: -0.20290443, z: -0.00000026433216}
  m_LocalScale: {x: 1.0000002, y: 1.0000002, z: 0.99999994}
  m_LocalEulerAnglesHint: {x: 0.0002, y: -0.0002, z: 68.1363}
  m_Children: []
  m_Father: {fileID: 467366}
  m_RootOrder: 3
--- !u!4 &414796
Transform:
  m_ObjectHideFlags: 1
  m_PrefabParentObject: {fileID: 0}
  m_PrefabInternal: {fileID: 100100000}
  m_GameObject: {fileID: 168848}
  m_LocalRotation: {x: 0.68334323, y: -0.18387702, z: 0.68198186, w: -0.18474859}
  m_LocalPosition: {x: 0.08400024, y: -0.079223506, z: -0.107932165}
  m_LocalScale: {x: 1, y: 0.99999994, z: 1}
  m_LocalEulerAnglesHint: {x: -0.0969, y: 90.0881, z: -149.78189}
  m_Children:
  - {fileID: 403136}
  m_Father: {fileID: 446928}
  m_RootOrder: 2
--- !u!4 &415134
Transform:
  m_ObjectHideFlags: 1
  m_PrefabParentObject: {fileID: 0}
  m_PrefabInternal: {fileID: 100100000}
  m_GameObject: {fileID: 196444}
  m_LocalRotation: {x: 0.00000036824642, y: 0.00000079224606, z: -0.17364828, w: 0.9848077}
  m_LocalPosition: {x: -0.14524621, y: -0.00010864257, z: -3.7276182e-10}
  m_LocalScale: {x: 1, y: 0.99999994, z: 0.99999994}
  m_LocalEulerAnglesHint: {x: 0.0001, y: 0.0001, z: -20}
  m_Children:
  - {fileID: 421008}
  m_Father: {fileID: 467366}
  m_RootOrder: 2
--- !u!4 &421008
Transform:
  m_ObjectHideFlags: 1
  m_PrefabParentObject: {fileID: 0}
  m_PrefabInternal: {fileID: 100100000}
  m_GameObject: {fileID: 100616}
  m_LocalRotation: {x: 0.00000053303614, y: 0.0000008215252, z: -0.17364827, w: 0.9848077}
  m_LocalPosition: {x: -0.14524624, y: -0.00010864257, z: -4.0919984e-10}
  m_LocalScale: {x: 1.0000001, y: 1, z: 1}
  m_LocalEulerAnglesHint: {x: 0.0001, y: 0.0001, z: -20}
  m_Children:
  - {fileID: 446928}
  m_Father: {fileID: 415134}
  m_RootOrder: 0
--- !u!4 &421302
Transform:
  m_ObjectHideFlags: 1
  m_PrefabParentObject: {fileID: 0}
  m_PrefabInternal: {fileID: 100100000}
  m_GameObject: {fileID: 134774}
  m_LocalRotation: {x: 0.000000023390246, y: 0.00000002603097, z: 0.95762014, w: 0.28803414}
  m_LocalPosition: {x: -0.44121686, y: 0, z: 0}
  m_LocalScale: {x: 0.9999999, y: 0.99999994, z: 1}
  m_LocalEulerAnglesHint: {x: 0, y: 0, z: 146.5194}
  m_Children:
  - {fileID: 481418}
  m_Father: {fileID: 406570}
  m_RootOrder: 0
--- !u!4 &425832
Transform:
  m_ObjectHideFlags: 1
  m_PrefabParentObject: {fileID: 0}
  m_PrefabInternal: {fileID: 100100000}
  m_GameObject: {fileID: 126758}
  m_LocalRotation: {x: 0.0003981516, y: -0.00000000372529, z: 1.4832303e-12, w: 0.99999994}
  m_LocalPosition: {x: -0.061550014, y: 0.0088031, z: -0.0021450804}
  m_LocalScale: {x: 1, y: 1, z: 1.0000001}
  m_LocalEulerAnglesHint: {x: 0.045599997, y: 0, z: 0}
  m_Children: []
  m_Father: {fileID: 440780}
  m_RootOrder: 0
--- !u!4 &429362
Transform:
  m_ObjectHideFlags: 1
  m_PrefabParentObject: {fileID: 0}
  m_PrefabInternal: {fileID: 100100000}
  m_GameObject: {fileID: 105422}
  m_LocalRotation: {x: -0.7068252, y: 0.000000010532518, z: -0.000000010540908, w: 0.7073882}
  m_LocalPosition: {x: -0.11384528, y: 0, z: 0.00000006103515}
  m_LocalScale: {x: 0.9999999, y: 0.9999999, z: 0.9999999}
  m_LocalEulerAnglesHint: {x: -89.9515, y: 0, z: 0}
  m_Children:
  - {fileID: 491598}
  m_Father: {fileID: 484436}
  m_RootOrder: 0
--- !u!4 &431362
Transform:
  m_ObjectHideFlags: 1
  m_PrefabParentObject: {fileID: 0}
  m_PrefabInternal: {fileID: 100100000}
  m_GameObject: {fileID: 102048}
  m_LocalRotation: {x: -0.000000004917596, y: 0.000000025991021, z: -0.7071068, w: 0.7071068}
  m_LocalPosition: {x: -0.112288326, y: 0.16448225, z: 0}
  m_LocalScale: {x: 1, y: 1, z: 1}
  m_LocalEulerAnglesHint: {x: 0, y: 0, z: -90}
  m_Children: []
  m_Father: {fileID: 481418}
  m_RootOrder: 0
--- !u!4 &433396
Transform:
  m_ObjectHideFlags: 1
  m_PrefabParentObject: {fileID: 0}
  m_PrefabInternal: {fileID: 100100000}
  m_GameObject: {fileID: 160726}
  m_LocalRotation: {x: -0.7071068, y: 0, z: 0, w: 0.7071068}
  m_LocalPosition: {x: 0, y: 1.177, z: -0.024}
  m_LocalScale: {x: 1, y: 1, z: 1}
  m_LocalEulerAnglesHint: {x: -90, y: 0, z: 0}
  m_Children: []
  m_Father: {fileID: 475434}
  m_RootOrder: 5
--- !u!4 &433512
Transform:
  m_ObjectHideFlags: 1
  m_PrefabParentObject: {fileID: 0}
  m_PrefabInternal: {fileID: 100100000}
  m_GameObject: {fileID: 165076}
  m_LocalRotation: {x: -0.000000021630683, y: -0.000000015929794, z: 0.04674924, w: 0.9989067}
  m_LocalPosition: {x: -0.16307509, y: 0, z: 0}
  m_LocalScale: {x: 1, y: 1.0000001, z: 1.0000001}
  m_LocalEulerAnglesHint: {x: 0, y: 0, z: 5.3589997}
  m_Children:
  - {fileID: 440780}
  m_Father: {fileID: 403136}
  m_RootOrder: 0
--- !u!4 &440780
Transform:
  m_ObjectHideFlags: 1
  m_PrefabParentObject: {fileID: 0}
  m_PrefabInternal: {fileID: 100100000}
  m_GameObject: {fileID: 129364}
  m_LocalRotation: {x: 0.7068252, y: 0.000000028972813, z: 0.000000007914071, w: 0.7073883}
  m_LocalPosition: {x: -0.11384531, y: 0, z: 0}
  m_LocalScale: {x: 0.9999999, y: 0.99999994, z: 0.9999999}
  m_LocalEulerAnglesHint: {x: 89.955795, y: 0, z: 0}
  m_Children:
  - {fileID: 425832}
  m_Father: {fileID: 433512}
  m_RootOrder: 0
--- !u!4 &446054
Transform:
  m_ObjectHideFlags: 1
  m_PrefabParentObject: {fileID: 0}
  m_PrefabInternal: {fileID: 100100000}
  m_GameObject: {fileID: 119328}
  m_LocalRotation: {x: -0.000000015370532, y: -0.00000003816853, z: 0.95762014, w: 0.28803417}
  m_LocalPosition: {x: -0.4412169, y: 0, z: 0.000000030517576}
  m_LocalScale: {x: 0.99999994, y: 1, z: 1.0000001}
  m_LocalEulerAnglesHint: {x: 0, y: 0, z: 146.5194}
  m_Children:
  - {fileID: 494008}
  m_Father: {fileID: 456050}
  m_RootOrder: 0
--- !u!4 &446822
Transform:
  m_ObjectHideFlags: 1
  m_PrefabParentObject: {fileID: 0}
  m_PrefabInternal: {fileID: 100100000}
  m_GameObject: {fileID: 197158}
  m_LocalRotation: {x: -0.52582127, y: -0.5247571, z: 0.21578531, w: 0.6337024}
  m_LocalPosition: {x: -0.08704583, y: 0.0010943908, z: -0.12005221}
  m_LocalScale: {x: 1.0000001, y: 1, z: 1}
  m_LocalEulerAnglesHint: {x: -26.1013, y: -96.632095, z: 66.7909}
  m_Children:
  - {fileID: 401740}
  m_Father: {fileID: 490806}
  m_RootOrder: 0
--- !u!4 &446928
Transform:
  m_ObjectHideFlags: 1
  m_PrefabParentObject: {fileID: 0}
  m_PrefabInternal: {fileID: 100100000}
  m_GameObject: {fileID: 104300}
  m_LocalRotation: {x: 1.1368684e-13, y: 1.6940659e-21, z: 0.000000014901161, w: 1}
  m_LocalPosition: {x: -0.23890984, y: 0.04447845, z: -0.00000016998662}
  m_LocalScale: {x: 1, y: 1, z: 1}
  m_LocalEulerAnglesHint: {x: 0, y: 0, z: 0}
  m_Children:
  - {fileID: 490806}
  - {fileID: 454276}
  - {fileID: 414796}
  m_Father: {fileID: 421008}
  m_RootOrder: 0
--- !u!4 &451508
Transform:
  m_ObjectHideFlags: 1
  m_PrefabParentObject: {fileID: 0}
  m_PrefabInternal: {fileID: 100100000}
  m_GameObject: {fileID: 119524}
  m_LocalRotation: {x: -0.5, y: 0.5, z: 0.4999993, w: 0.5000007}
  m_LocalPosition: {x: 0, y: 0, z: 0}
  m_LocalScale: {x: 1, y: 0.99999994, z: 0.99999994}
  m_LocalEulerAnglesHint: {x: -90, y: 89.9999, z: 0}
  m_Children:
  - {fileID: 467366}
  m_Father: {fileID: 467240}
  m_RootOrder: 0
--- !u!4 &454276
Transform:
  m_ObjectHideFlags: 1
  m_PrefabParentObject: {fileID: 0}
  m_PrefabInternal: {fileID: 100100000}
  m_GameObject: {fileID: 117400}
  m_LocalRotation: {x: 0.6833437, y: -0.18387513, z: -0.6819824, w: 0.18474668}
  m_LocalPosition: {x: 0.08400021, y: -0.07922406, z: 0.10793229}
  m_LocalScale: {x: 1, y: 1, z: 1}
  m_LocalEulerAnglesHint: {x: 0.0969, y: -90.0881, z: -149.7822}
  m_Children:
  - {fileID: 462098}
  m_Father: {fileID: 446928}
  m_RootOrder: 1
--- !u!4 &456050
Transform:
  m_ObjectHideFlags: 1
  m_PrefabParentObject: {fileID: 0}
  m_PrefabInternal: {fileID: 100100000}
  m_GameObject: {fileID: 137800}
  m_LocalRotation: {x: 0.90036345, y: -0.37820077, z: -0.08983424, w: -0.1955497}
  m_LocalPosition: {x: 0.14851595, y: -0.0754335, z: 0.20507038}
  m_LocalScale: {x: 1, y: 1, z: 1}
  m_LocalEulerAnglesHint: {x: -24.8398, y: -179.1254, z: -134.62259}
  m_Children:
  - {fileID: 446054}
  m_Father: {fileID: 467366}
  m_RootOrder: 0
--- !u!4 &461060
Transform:
  m_ObjectHideFlags: 1
  m_PrefabParentObject: {fileID: 0}
  m_PrefabInternal: {fileID: 100100000}
  m_GameObject: {fileID: 180642}
  m_LocalRotation: {x: -0.7071068, y: 0, z: -0, w: 0.7071068}
  m_LocalPosition: {x: 0, y: 0, z: 0}
  m_LocalScale: {x: 1, y: 1, z: 1}
  m_LocalEulerAnglesHint: {x: -90, y: 0, z: 0}
  m_Children: []
  m_Father: {fileID: 475434}
  m_RootOrder: 1
--- !u!4 &462098
Transform:
  m_ObjectHideFlags: 1
  m_PrefabParentObject: {fileID: 0}
  m_PrefabInternal: {fileID: 100100000}
  m_GameObject: {fileID: 189554}
  m_LocalRotation: {x: -0.20229368, y: 0.13493618, z: 0.12082693, w: 0.9624294}
  m_LocalPosition: {x: -0.1334228, y: -0.00000006103515, z: 0}
  m_LocalScale: {x: 1.0000001, y: 1.0000001, z: 1}
  m_LocalEulerAnglesHint: {x: -24.9606, y: 13.4485, z: 11.3217}
  m_Children:
  - {fileID: 484436}
  m_Father: {fileID: 454276}
  m_RootOrder: 0
--- !u!4 &464256
Transform:
  m_ObjectHideFlags: 1
  m_PrefabParentObject: {fileID: 0}
  m_PrefabInternal: {fileID: 100100000}
  m_GameObject: {fileID: 195716}
  m_LocalRotation: {x: 1.2677764e-12, y: 0.0000018685689, z: -0.6736985, w: 0.73900634}
  m_LocalPosition: {x: -0.08824017, y: 0.2202223, z: 0.00000043431945}
  m_LocalScale: {x: 1, y: 1, z: 1}
  m_LocalEulerAnglesHint: {x: 0.0001, y: 0.0002, z: -84.7063}
  m_Children: []
  m_Father: {fileID: 490806}
  m_RootOrder: 2
--- !u!4 &466268
Transform:
  m_ObjectHideFlags: 1
  m_PrefabParentObject: {fileID: 0}
  m_PrefabInternal: {fileID: 100100000}
  m_GameObject: {fileID: 163186}
  m_LocalRotation: {x: -0.7071068, y: 0, z: -0, w: 0.7071068}
  m_LocalPosition: {x: 0, y: 0.6999999, z: 1.275}
  m_LocalScale: {x: 1, y: 1, z: 1}
  m_LocalEulerAnglesHint: {x: -90, y: 0, z: 0}
  m_Children: []
  m_Father: {fileID: 475434}
  m_RootOrder: 3
--- !u!4 &467240
Transform:
  m_ObjectHideFlags: 1
  m_PrefabParentObject: {fileID: 0}
  m_PrefabInternal: {fileID: 100100000}
  m_GameObject: {fileID: 106736}
  m_LocalRotation: {x: -0.50000036, y: 0.49999964, z: 0.49999964, w: 0.50000036}
  m_LocalPosition: {x: -0.000000013237189, y: 0.26068723, z: -0.3028316}
  m_LocalScale: {x: 0.99999994, y: 0.99999994, z: 1}
  m_LocalEulerAnglesHint: {x: -90, y: 89.9999, z: 0}
  m_Children:
  - {fileID: 451508}
  m_Father: {fileID: 475434}
  m_RootOrder: 0
--- !u!4 &467366
Transform:
  m_ObjectHideFlags: 1
  m_PrefabParentObject: {fileID: 0}
  m_PrefabInternal: {fileID: 100100000}
  m_GameObject: {fileID: 165242}
  m_LocalRotation: {x: -0.0000025684594, y: 0.0000010370811, z: -0.13092095, w: 0.99139285}
  m_LocalPosition: {x: -0.12384337, y: 0.11139985, z: -0.00000029056034}
  m_LocalScale: {x: 1, y: 0.99999994, z: 0.99999994}
  m_LocalEulerAnglesHint: {x: -0.00029999999, y: 0.0002, z: -15.0457}
  m_Children:
  - {fileID: 456050}
  - {fileID: 406570}
  - {fileID: 415134}
  - {fileID: 412354}
  - {fileID: 498082}
  m_Father: {fileID: 451508}
  m_RootOrder: 0
--- !u!4 &475434
Transform:
  m_ObjectHideFlags: 1
  m_PrefabParentObject: {fileID: 0}
  m_PrefabInternal: {fileID: 100100000}
  m_GameObject: {fileID: 159672}
  m_LocalRotation: {x: 0, y: 0, z: 0, w: 1}
  m_LocalPosition: {x: 0, y: 0, z: 0}
  m_LocalScale: {x: 1, y: 1, z: 1}
  m_LocalEulerAnglesHint: {x: 0, y: 0, z: 0}
  m_Children:
  - {fileID: 467240}
  - {fileID: 461060}
  - {fileID: 489930}
  - {fileID: 466268}
  - {fileID: 402702}
  - {fileID: 433396}
  m_Father: {fileID: 0}
  m_RootOrder: 0
--- !u!4 &481394
Transform:
  m_ObjectHideFlags: 1
  m_PrefabParentObject: {fileID: 0}
  m_PrefabInternal: {fileID: 100100000}
  m_GameObject: {fileID: 187594}
  m_LocalRotation: {x: 0.52582127, y: 0.52475584, z: 0.21578825, w: 0.6337024}
  m_LocalPosition: {x: -0.08704583, y: 0.0010936889, z: 0.120052226}
  m_LocalScale: {x: 1.0000001, y: 1.0000001, z: 1}
  m_LocalEulerAnglesHint: {x: 26.101099, y: 96.631996, z: 66.7912}
  m_Children:
  - {fileID: 404270}
  m_Father: {fileID: 490806}
  m_RootOrder: 1
--- !u!4 &481418
Transform:
  m_ObjectHideFlags: 1
  m_PrefabParentObject: {fileID: 0}
  m_PrefabInternal: {fileID: 100100000}
  m_GameObject: {fileID: 113522}
  m_LocalRotation: {x: -0.07497575, y: -0.031760167, z: -0.226888, w: 0.97051114}
  m_LocalPosition: {x: -0.4000496, y: -0.000000003814697, z: 0.00000006103515}
  m_LocalScale: {x: 0.99999994, y: 1, z: 1}
  m_LocalEulerAnglesHint: {x: -9.2035, y: -1.6035999, z: -26.1877}
  m_Children:
  - {fileID: 431362}
  m_Father: {fileID: 421302}
  m_RootOrder: 0
--- !u!4 &484436
Transform:
  m_ObjectHideFlags: 1
  m_PrefabParentObject: {fileID: 0}
  m_PrefabInternal: {fileID: 100100000}
  m_GameObject: {fileID: 118172}
  m_LocalRotation: {x: 0.00000002907312, y: 0.000000016278106, z: 0.046749234, w: 0.9989067}
  m_LocalPosition: {x: -0.16307509, y: 0, z: 0}
  m_LocalScale: {x: 0.9999999, y: 1, z: 1}
  m_LocalEulerAnglesHint: {x: 0, y: 0, z: 5.3589997}
  m_Children:
  - {fileID: 429362}
  m_Father: {fileID: 462098}
  m_RootOrder: 0
--- !u!4 &488168
Transform:
  m_ObjectHideFlags: 1
  m_PrefabParentObject: {fileID: 0}
  m_PrefabInternal: {fileID: 100100000}
  m_GameObject: {fileID: 148384}
  m_LocalRotation: {x: 0.000000015454313, y: -0.000000015454312, z: -0.7071068, w: 0.7071068}
  m_LocalPosition: {x: -0.112288326, y: 0.16448228, z: -0.00000006103515}
  m_LocalScale: {x: 1.0000001, y: 1, z: 1.0000001}
  m_LocalEulerAnglesHint: {x: 0, y: 0, z: -90}
  m_Children: []
  m_Father: {fileID: 494008}
  m_RootOrder: 0
--- !u!4 &489930
Transform:
  m_ObjectHideFlags: 1
  m_PrefabParentObject: {fileID: 0}
  m_PrefabInternal: {fileID: 100100000}
  m_GameObject: {fileID: 138734}
  m_LocalRotation: {x: -0.7071068, y: 0, z: -0, w: 0.7071068}
  m_LocalPosition: {x: 0, y: 0.6999999, z: 0.8999999}
  m_LocalScale: {x: 1, y: 1, z: 1}
  m_LocalEulerAnglesHint: {x: -90, y: 0, z: 0}
  m_Children: []
  m_Father: {fileID: 475434}
  m_RootOrder: 2
--- !u!4 &490806
Transform:
  m_ObjectHideFlags: 1
  m_PrefabParentObject: {fileID: 0}
  m_PrefabInternal: {fileID: 100100000}
  m_GameObject: {fileID: 128796}
  m_LocalRotation: {x: -0.00000039386472, y: -0.0000015615803, z: 0.32641175, w: 0.9452277}
  m_LocalPosition: {x: -0.065205075, y: 0.022169126, z: 0.000000009822775}
  m_LocalScale: {x: 1, y: 1, z: 1}
  m_LocalEulerAnglesHint: {x: 0, y: -0.0002, z: 38.1023}
  m_Children:
  - {fileID: 446822}
  - {fileID: 481394}
  - {fileID: 464256}
  - {fileID: 497764}
  m_Father: {fileID: 446928}
  m_RootOrder: 0
--- !u!4 &491598
Transform:
  m_ObjectHideFlags: 1
  m_PrefabParentObject: {fileID: 0}
  m_PrefabInternal: {fileID: 100100000}
  m_GameObject: {fileID: 138442}
  m_LocalRotation: {x: -0.00039815158, y: 0.000000003719357, z: 0.000000014902643,
    w: 0.99999994}
  m_LocalPosition: {x: -0.06155, y: 0.0088031, z: 0.0021451109}
  m_LocalScale: {x: 1, y: 1.0000001, z: 1}
  m_LocalEulerAnglesHint: {x: -0.0457, y: 0, z: 0}
  m_Children: []
  m_Father: {fileID: 429362}
  m_RootOrder: 0
--- !u!4 &494008
Transform:
  m_ObjectHideFlags: 1
  m_PrefabParentObject: {fileID: 0}
  m_PrefabInternal: {fileID: 100100000}
  m_GameObject: {fileID: 139812}
  m_LocalRotation: {x: 0.074975714, y: 0.031760093, z: -0.226888, w: 0.97051114}
  m_LocalPosition: {x: -0.40004966, y: -0.000000045776364, z: -0.000000030517576}
  m_LocalScale: {x: 1, y: 1, z: 1}
  m_LocalEulerAnglesHint: {x: 9.2035, y: 1.6035999, z: -26.1877}
  m_Children:
  - {fileID: 488168}
  m_Father: {fileID: 446054}
  m_RootOrder: 0
--- !u!4 &497764
Transform:
  m_ObjectHideFlags: 1
  m_PrefabParentObject: {fileID: 0}
  m_PrefabInternal: {fileID: 100100000}
  m_GameObject: {fileID: 192050}
  m_LocalRotation: {x: 1.1700253e-12, y: 0.0000018772822, z: -0.67684, w: 0.7361302}
  m_LocalPosition: {x: 0.026600828, y: 0.14005692, z: 0.00000036299937}
  m_LocalScale: {x: 0.99999994, y: 0.99999994, z: 1}
  m_LocalEulerAnglesHint: {x: 0.0002, y: 0.0002, z: -85.1944}
  m_Children: []
  m_Father: {fileID: 490806}
  m_RootOrder: 3
--- !u!4 &498082
Transform:
  m_ObjectHideFlags: 1
  m_PrefabParentObject: {fileID: 0}
  m_PrefabInternal: {fileID: 100100000}
  m_GameObject: {fileID: 166962}
  m_LocalRotation: {x: -1.2706491e-15, y: 0.00000195482, z: -0.7047951, w: 0.7094109}
  m_LocalPosition: {x: -0.07239874, y: 0.3169372, z: 0.000000797491}
  m_LocalScale: {x: 1.0000001, y: 1.0000001, z: 0.99999994}
  m_LocalEulerAnglesHint: {x: 0.0002, y: 0.0002, z: -89.626}
  m_Children: []
  m_Father: {fileID: 467366}
  m_RootOrder: 4
--- !u!95 &9552322
Animator:
  serializedVersion: 3
  m_ObjectHideFlags: 1
  m_PrefabParentObject: {fileID: 0}
  m_PrefabInternal: {fileID: 100100000}
  m_GameObject: {fileID: 159672}
  m_Enabled: 1
  m_Avatar: {fileID: 9000000, guid: 82993ea15cf847343af3cb73906ecc05, type: 3}
  m_Controller: {fileID: 9100000, guid: 6b8827155accd5641bf5b4360fe9d119, type: 2}
  m_CullingMode: 1
  m_UpdateMode: 0
  m_ApplyRootMotion: 0
  m_LinearVelocityBlending: 0
  m_WarningMessage: 
  m_HasTransformHierarchy: 1
  m_AllowConstantClipSamplingOptimization: 1
--- !u!114 &11410912
MonoBehaviour:
  m_ObjectHideFlags: 1
  m_PrefabParentObject: {fileID: 0}
  m_PrefabInternal: {fileID: 100100000}
  m_GameObject: {fileID: 159672}
  m_Enabled: 1
  m_EditorHideFlags: 0
  m_Script: {fileID: 11500000, guid: 07e97c4aa963e4d4f8581d68ba88491e, type: 3}
  m_Name: 
  m_EditorClassIdentifier: 
  HitArea: {fileID: 489930}
  HitRange: {fileID: 466268}
  PointerFocus: {fileID: 402702}
  InfoHelper: {fileID: 433396}
  SelectorSize: {x: 1.5, y: 1.5}
--- !u!114 &11419934
MonoBehaviour:
  m_ObjectHideFlags: 1
  m_PrefabParentObject: {fileID: 0}
  m_PrefabInternal: {fileID: 100100000}
  m_GameObject: {fileID: 159672}
  m_Enabled: 1
  m_EditorHideFlags: 0
  m_Script: {fileID: 11500000, guid: e1b4388daa4582b45817a892986eeaf2, type: 3}
  m_Name: 
  m_EditorClassIdentifier: 
--- !u!114 &11449402
MonoBehaviour:
  m_ObjectHideFlags: 1
  m_PrefabParentObject: {fileID: 0}
  m_PrefabInternal: {fileID: 100100000}
  m_GameObject: {fileID: 159672}
  m_Enabled: 1
  m_EditorHideFlags: 0
  m_Script: {fileID: 11500000, guid: 3937e7bf4003d364e87d8175ee2f0b52, type: 3}
  m_Name: 
  m_EditorClassIdentifier: 
--- !u!114 &11451168
MonoBehaviour:
  m_ObjectHideFlags: 1
  m_PrefabParentObject: {fileID: 0}
  m_PrefabInternal: {fileID: 100100000}
  m_GameObject: {fileID: 159672}
  m_Enabled: 1
  m_EditorHideFlags: 0
  m_Script: {fileID: 11500000, guid: 5e024dbfc1f932b49994c5ffc3f85659, type: 3}
  m_Name: 
  m_EditorClassIdentifier: 
  _ID: 
  _Name: Flurdiaanum
  _Type: 2
  _EncounterClass: 0
  MonsterSize: 0
  _Items: []
  _Magics:
    _MagicPresets: []
    MaxMagicPreset: 16
  _Skills: []
  Exp: 0
  Level: 0
  AverageAttribute: 1
  enemyType: 0
  counterData: []
  counterDataAlly: []
  _AIEncounter: []
  EncForm:
    Monster:
      ID: 
      Name: 
      Description: 
      baseExp: 0
      baseLevel: 0
      HealthModifier: 0
      IsFlying: 0
      Class: 0
      Element: 0
      Projectile: 0
      MonsterSize: 0
      Weapon: 2
      Armor: 0
      EnemyType: 0
      Attribute:
        Name: 
        AttributeGrowth: []
      PrefabName: 
      EncounterBaseAttributes: []
      BattleGrowth: []
      EncounterMagics: []
      OffensiveBattleSkills: []
      EncounterItems: []
      EncounterLoots: []
      IsResistDebuff: 0
      DebuffException: 
    MonsterLvl: 0
    ReplaceHealth: 0
    HealthMonster: 0
    Position: {x: 0, y: 1}
    ReplaceAttributes: 0
    EncounterBaseAttributes: []
  ResistDebuff: 0
  ResistException: 
--- !u!114 &11494532
MonoBehaviour:
  m_ObjectHideFlags: 1
  m_PrefabParentObject: {fileID: 0}
  m_PrefabInternal: {fileID: 100100000}
  m_GameObject: {fileID: 159672}
  m_Enabled: 1
  m_EditorHideFlags: 0
  m_Script: {fileID: 11500000, guid: 546c7a553b570964aaa676192ef60105, type: 3}
  m_Name: 
  m_EditorClassIdentifier: 
  AttributeInfoText: 
  InfoText: 
--- !u!137 &13756570
SkinnedMeshRenderer:
  m_ObjectHideFlags: 1
  m_PrefabParentObject: {fileID: 0}
  m_PrefabInternal: {fileID: 100100000}
  m_GameObject: {fileID: 180642}
  m_Enabled: 1
  m_CastShadows: 1
  m_ReceiveShadows: 1
  m_Materials:
  - {fileID: 2100000, guid: 9ff23bb5153eb964b8aa5ef48785e2a2, type: 2}
  m_SubsetIndices: 
  m_StaticBatchRoot: {fileID: 0}
  m_UseLightProbes: 1
  m_ReflectionProbeUsage: 1
  m_ProbeAnchor: {fileID: 0}
  m_ScaleInLightmap: 1
  m_PreserveUVs: 0
  m_IgnoreNormalsForChartDetection: 0
  m_ImportantGI: 0
  m_MinimumChartSize: 4
  m_AutoUVMaxDistance: 0.5
  m_AutoUVMaxAngle: 89
  m_LightmapParameters: {fileID: 0}
  m_SortingLayerID: 0
  m_SortingOrder: 0
  serializedVersion: 2
  m_Quality: 0
  m_UpdateWhenOffscreen: 0
  m_Mesh: {fileID: 4300000, guid: 82993ea15cf847343af3cb73906ecc05, type: 3}
  m_Bones:
  - {fileID: 490806}
  - {fileID: 421008}
  - {fileID: 415134}
  - {fileID: 464256}
  - {fileID: 497764}
  - {fileID: 498082}
  - {fileID: 403136}
  - {fileID: 414796}
  - {fileID: 446822}
  - {fileID: 401740}
  - {fileID: 433512}
  - {fileID: 440780}
  - {fileID: 406570}
  - {fileID: 421302}
  - {fileID: 467366}
  - {fileID: 467240}
  - {fileID: 412354}
  - {fileID: 451508}
  - {fileID: 481418}
  - {fileID: 431362}
  - {fileID: 462098}
  - {fileID: 454276}
  - {fileID: 481394}
  - {fileID: 404270}
  - {fileID: 484436}
  - {fileID: 429362}
  - {fileID: 456050}
  - {fileID: 446054}
  - {fileID: 494008}
  - {fileID: 488168}
  m_BlendShapeWeights: []
  m_RootBone: {fileID: 467240}
  m_AABB:
    m_Center: {x: -0.30690098, y: -0.00000037252903, z: 0.5305403}
    m_Extent: {x: 0.6384913, y: 0.49749374, z: 0.8099175}
  m_DirtyAABB: 0
--- !u!1001 &100100000
Prefab:
  m_ObjectHideFlags: 1
  serializedVersion: 2
  m_Modification:
    m_TransformParent: {fileID: 0}
    m_Modifications: []
    m_RemovedComponents: []
  m_ParentPrefab: {fileID: 0}
  m_RootGameObject: {fileID: 159672}
  m_IsPrefabParent: 1
