%YAML 1.1
%TAG !u! tag:unity3d.com,2011:
--- !u!1 &101642
GameObject:
  m_ObjectHideFlags: 1
  m_PrefabParentObject: {fileID: 0}
  m_PrefabInternal: {fileID: 100100000}
  serializedVersion: 4
  m_Component:
  - 4: {fileID: 468034}
  m_Layer: 0
  m_Name: Bip001 R Forearm
  m_TagString: Untagged
  m_Icon: {fileID: 0}
  m_NavMeshLayer: 0
  m_StaticEditorFlags: 0
  m_IsActive: 1
--- !u!1 &102514
GameObject:
  m_ObjectHideFlags: 1
  m_PrefabParentObject: {fileID: 0}
  m_PrefabInternal: {fileID: 100100000}
  serializedVersion: 4
  m_Component:
  - 4: {fileID: 471290}
  m_Layer: 0
  m_Name: Bip001 R Finger32
  m_TagString: Untagged
  m_Icon: {fileID: 0}
  m_NavMeshLayer: 0
  m_StaticEditorFlags: 0
  m_IsActive: 1
--- !u!1 &102586
GameObject:
  m_ObjectHideFlags: 1
  m_PrefabParentObject: {fileID: 0}
  m_PrefabInternal: {fileID: 100100000}
  serializedVersion: 4
  m_Component:
  - 4: {fileID: 422470}
  m_Layer: 0
  m_Name: Bip001 RS R02
  m_TagString: Untagged
  m_Icon: {fileID: 0}
  m_NavMeshLayer: 0
  m_StaticEditorFlags: 0
  m_IsActive: 1
--- !u!1 &102724
GameObject:
  m_ObjectHideFlags: 1
  m_PrefabParentObject: {fileID: 0}
  m_PrefabInternal: {fileID: 100100000}
  serializedVersion: 4
  m_Component:
  - 4: {fileID: 458098}
  m_Layer: 0
  m_Name: Bip001 Spine
  m_TagString: Untagged
  m_Icon: {fileID: 0}
  m_NavMeshLayer: 0
  m_StaticEditorFlags: 0
  m_IsActive: 1
--- !u!1 &102900
GameObject:
  m_ObjectHideFlags: 1
  m_PrefabParentObject: {fileID: 0}
  m_PrefabInternal: {fileID: 100100000}
  serializedVersion: 4
  m_Component:
  - 4: {fileID: 430510}
  m_Layer: 0
  m_Name: Bip001 Xtra02
  m_TagString: Untagged
  m_Icon: {fileID: 0}
  m_NavMeshLayer: 0
  m_StaticEditorFlags: 0
  m_IsActive: 1
--- !u!1 &103812
GameObject:
  m_ObjectHideFlags: 1
  m_PrefabParentObject: {fileID: 0}
  m_PrefabInternal: {fileID: 100100000}
  serializedVersion: 4
  m_Component:
  - 4: {fileID: 433488}
  m_Layer: 0
  m_Name: Bip001 Back Acc R02
  m_TagString: Untagged
  m_Icon: {fileID: 0}
  m_NavMeshLayer: 0
  m_StaticEditorFlags: 0
  m_IsActive: 1
--- !u!1 &104530
GameObject:
  m_ObjectHideFlags: 1
  m_PrefabParentObject: {fileID: 0}
  m_PrefabInternal: {fileID: 100100000}
  serializedVersion: 4
  m_Component:
  - 4: {fileID: 443906}
  m_Layer: 0
  m_Name: Bip001 RF R
  m_TagString: Untagged
  m_Icon: {fileID: 0}
  m_NavMeshLayer: 0
  m_StaticEditorFlags: 0
  m_IsActive: 1
--- !u!1 &104676
GameObject:
  m_ObjectHideFlags: 1
  m_PrefabParentObject: {fileID: 0}
  m_PrefabInternal: {fileID: 100100000}
  serializedVersion: 4
  m_Component:
  - 4: {fileID: 432490}
  m_Layer: 0
  m_Name: Bip001 Front acc
  m_TagString: Untagged
  m_Icon: {fileID: 0}
  m_NavMeshLayer: 0
  m_StaticEditorFlags: 0
  m_IsActive: 1
--- !u!1 &106262
GameObject:
  m_ObjectHideFlags: 1
  m_PrefabParentObject: {fileID: 0}
  m_PrefabInternal: {fileID: 100100000}
  serializedVersion: 4
  m_Component:
  - 4: {fileID: 465764}
  m_Layer: 0
  m_Name: Bip001 Xtra0203
  m_TagString: Untagged
  m_Icon: {fileID: 0}
  m_NavMeshLayer: 0
  m_StaticEditorFlags: 0
  m_IsActive: 1
--- !u!1 &107100
GameObject:
  m_ObjectHideFlags: 0
  m_PrefabParentObject: {fileID: 0}
  m_PrefabInternal: {fileID: 100100000}
  serializedVersion: 4
  m_Component:
  - 4: {fileID: 432086}
  m_Layer: 0
  m_Name: HLP_Hit_Range
  m_TagString: Untagged
  m_Icon: {fileID: 0}
  m_NavMeshLayer: 0
  m_StaticEditorFlags: 0
  m_IsActive: 1
--- !u!1 &109398
GameObject:
  m_ObjectHideFlags: 1
  m_PrefabParentObject: {fileID: 0}
  m_PrefabInternal: {fileID: 100100000}
  serializedVersion: 4
  m_Component:
  - 4: {fileID: 430150}
  m_Layer: 0
  m_Name: Bip001 R Finger02
  m_TagString: Untagged
  m_Icon: {fileID: 0}
  m_NavMeshLayer: 0
  m_StaticEditorFlags: 0
  m_IsActive: 1
--- !u!1 &109602
GameObject:
  m_ObjectHideFlags: 1
  m_PrefabParentObject: {fileID: 0}
  m_PrefabInternal: {fileID: 100100000}
  serializedVersion: 4
  m_Component:
  - 4: {fileID: 438658}
  m_Layer: 0
  m_Name: Bip001 R Finger01
  m_TagString: Untagged
  m_Icon: {fileID: 0}
  m_NavMeshLayer: 0
  m_StaticEditorFlags: 0
  m_IsActive: 1
--- !u!1 &109878
GameObject:
  m_ObjectHideFlags: 1
  m_PrefabParentObject: {fileID: 0}
  m_PrefabInternal: {fileID: 100100000}
  serializedVersion: 4
  m_Component:
  - 4: {fileID: 408728}
  m_Layer: 0
  m_Name: Bip001 RF R02
  m_TagString: Untagged
  m_Icon: {fileID: 0}
  m_NavMeshLayer: 0
  m_StaticEditorFlags: 0
  m_IsActive: 1
--- !u!1 &112172
GameObject:
  m_ObjectHideFlags: 1
  m_PrefabParentObject: {fileID: 0}
  m_PrefabInternal: {fileID: 100100000}
  serializedVersion: 4
  m_Component:
  - 4: {fileID: 419938}
  m_Layer: 0
  m_Name: Bip001 R Thigh
  m_TagString: Untagged
  m_Icon: {fileID: 0}
  m_NavMeshLayer: 0
  m_StaticEditorFlags: 0
  m_IsActive: 1
--- !u!1 &113012
GameObject:
  m_ObjectHideFlags: 1
  m_PrefabParentObject: {fileID: 0}
  m_PrefabInternal: {fileID: 100100000}
  serializedVersion: 4
  m_Component:
  - 4: {fileID: 412400}
  m_Layer: 0
  m_Name: Bip001 L Foot
  m_TagString: Untagged
  m_Icon: {fileID: 0}
  m_NavMeshLayer: 0
  m_StaticEditorFlags: 0
  m_IsActive: 1
--- !u!1 &113902
GameObject:
  m_ObjectHideFlags: 1
  m_PrefabParentObject: {fileID: 0}
  m_PrefabInternal: {fileID: 100100000}
  serializedVersion: 4
  m_Component:
  - 4: {fileID: 422610}
  m_Layer: 0
  m_Name: Bip001 R UpperArm
  m_TagString: Untagged
  m_Icon: {fileID: 0}
  m_NavMeshLayer: 0
  m_StaticEditorFlags: 0
  m_IsActive: 1
--- !u!1 &113948
GameObject:
  m_ObjectHideFlags: 1
  m_PrefabParentObject: {fileID: 0}
  m_PrefabInternal: {fileID: 100100000}
  serializedVersion: 4
  m_Component:
  - 4: {fileID: 484392}
  m_Layer: 0
  m_Name: Bip001 R Finger42
  m_TagString: Untagged
  m_Icon: {fileID: 0}
  m_NavMeshLayer: 0
  m_StaticEditorFlags: 0
  m_IsActive: 1
--- !u!1 &115066
GameObject:
  m_ObjectHideFlags: 1
  m_PrefabParentObject: {fileID: 0}
  m_PrefabInternal: {fileID: 100100000}
  serializedVersion: 4
  m_Component:
  - 4: {fileID: 414932}
  m_Layer: 0
  m_Name: Bip001 Front acc03
  m_TagString: Untagged
  m_Icon: {fileID: 0}
  m_NavMeshLayer: 0
  m_StaticEditorFlags: 0
  m_IsActive: 1
--- !u!1 &115618
GameObject:
  m_ObjectHideFlags: 1
  m_PrefabParentObject: {fileID: 0}
  m_PrefabInternal: {fileID: 100100000}
  serializedVersion: 4
  m_Component:
  - 4: {fileID: 457256}
  m_Layer: 0
  m_Name: Bip001 L Finger1
  m_TagString: Untagged
  m_Icon: {fileID: 0}
  m_NavMeshLayer: 0
  m_StaticEditorFlags: 0
  m_IsActive: 1
--- !u!1 &117334
GameObject:
  m_ObjectHideFlags: 1
  m_PrefabParentObject: {fileID: 0}
  m_PrefabInternal: {fileID: 100100000}
  serializedVersion: 4
  m_Component:
  - 4: {fileID: 495092}
  m_Layer: 0
  m_Name: Bip001 L ForeTwist2
  m_TagString: Untagged
  m_Icon: {fileID: 0}
  m_NavMeshLayer: 0
  m_StaticEditorFlags: 0
  m_IsActive: 1
--- !u!1 &120560
GameObject:
  m_ObjectHideFlags: 1
  m_PrefabParentObject: {fileID: 0}
  m_PrefabInternal: {fileID: 100100000}
  serializedVersion: 4
  m_Component:
  - 4: {fileID: 473784}
  m_Layer: 0
  m_Name: Bip001 R Finger41
  m_TagString: Untagged
  m_Icon: {fileID: 0}
  m_NavMeshLayer: 0
  m_StaticEditorFlags: 0
  m_IsActive: 1
--- !u!1 &120952
GameObject:
  m_ObjectHideFlags: 0
  m_PrefabParentObject: {fileID: 0}
  m_PrefabInternal: {fileID: 100100000}
  serializedVersion: 4
  m_Component:
  - 4: {fileID: 452448}
  - 137: {fileID: 13785056}
  m_Layer: 0
  m_Name: PC_Kael_Body
  m_TagString: Untagged
  m_Icon: {fileID: 0}
  m_NavMeshLayer: 0
  m_StaticEditorFlags: 0
  m_IsActive: 1
--- !u!1 &122842
GameObject:
  m_ObjectHideFlags: 1
  m_PrefabParentObject: {fileID: 0}
  m_PrefabInternal: {fileID: 100100000}
  serializedVersion: 4
  m_Component:
  - 4: {fileID: 405848}
  m_Layer: 0
  m_Name: Bip001 L ForeTwist1
  m_TagString: Untagged
  m_Icon: {fileID: 0}
  m_NavMeshLayer: 0
  m_StaticEditorFlags: 0
  m_IsActive: 1
--- !u!1 &124834
GameObject:
  m_ObjectHideFlags: 1
  m_PrefabParentObject: {fileID: 0}
  m_PrefabInternal: {fileID: 100100000}
  serializedVersion: 4
  m_Component:
  - 4: {fileID: 406526}
  m_Layer: 0
  m_Name: Bip001 L Finger3
  m_TagString: Untagged
  m_Icon: {fileID: 0}
  m_NavMeshLayer: 0
  m_StaticEditorFlags: 0
  m_IsActive: 1
--- !u!1 &125138
GameObject:
  m_ObjectHideFlags: 1
  m_PrefabParentObject: {fileID: 0}
  m_PrefabInternal: {fileID: 100100000}
  serializedVersion: 4
  m_Component:
  - 4: {fileID: 445408}
  m_Layer: 0
  m_Name: Bip001 Pelvis
  m_TagString: Untagged
  m_Icon: {fileID: 0}
  m_NavMeshLayer: 0
  m_StaticEditorFlags: 0
  m_IsActive: 1
--- !u!1 &125156
GameObject:
  m_ObjectHideFlags: 1
  m_PrefabParentObject: {fileID: 0}
  m_PrefabInternal: {fileID: 100100000}
  serializedVersion: 4
  m_Component:
  - 4: {fileID: 446286}
  m_Layer: 0
  m_Name: Bip001 R Finger31
  m_TagString: Untagged
  m_Icon: {fileID: 0}
  m_NavMeshLayer: 0
  m_StaticEditorFlags: 0
  m_IsActive: 1
--- !u!1 &125308
GameObject:
  m_ObjectHideFlags: 1
  m_PrefabParentObject: {fileID: 0}
  m_PrefabInternal: {fileID: 100100000}
  serializedVersion: 4
  m_Component:
  - 4: {fileID: 489942}
  m_Layer: 0
  m_Name: Bip001 RF L02
  m_TagString: Untagged
  m_Icon: {fileID: 0}
  m_NavMeshLayer: 0
  m_StaticEditorFlags: 0
  m_IsActive: 1
--- !u!1 &125508
GameObject:
  m_ObjectHideFlags: 1
  m_PrefabParentObject: {fileID: 0}
  m_PrefabInternal: {fileID: 100100000}
  serializedVersion: 4
  m_Component:
  - 4: {fileID: 485774}
  m_Layer: 0
  m_Name: Bip001 L Finger01
  m_TagString: Untagged
  m_Icon: {fileID: 0}
  m_NavMeshLayer: 0
  m_StaticEditorFlags: 0
  m_IsActive: 1
--- !u!1 &125738
GameObject:
  m_ObjectHideFlags: 1
  m_PrefabParentObject: {fileID: 0}
  m_PrefabInternal: {fileID: 100100000}
  serializedVersion: 4
  m_Component:
  - 4: {fileID: 451376}
  m_Layer: 0
  m_Name: Bip001 R ForeTwist1
  m_TagString: Untagged
  m_Icon: {fileID: 0}
  m_NavMeshLayer: 0
  m_StaticEditorFlags: 0
  m_IsActive: 1
--- !u!1 &127782
GameObject:
  m_ObjectHideFlags: 0
  m_PrefabParentObject: {fileID: 0}
  m_PrefabInternal: {fileID: 100100000}
  serializedVersion: 4
  m_Component:
  - 4: {fileID: 457942}
  m_Layer: 0
  m_Name: HLP_Hit_Area
  m_TagString: Untagged
  m_Icon: {fileID: 0}
  m_NavMeshLayer: 0
  m_StaticEditorFlags: 0
  m_IsActive: 1
--- !u!1 &128558
GameObject:
  m_ObjectHideFlags: 1
  m_PrefabParentObject: {fileID: 0}
  m_PrefabInternal: {fileID: 100100000}
  serializedVersion: 4
  m_Component:
  - 4: {fileID: 415526}
  m_Layer: 0
  m_Name: Bip001 Xtra0102
  m_TagString: Untagged
  m_Icon: {fileID: 0}
  m_NavMeshLayer: 0
  m_StaticEditorFlags: 0
  m_IsActive: 1
--- !u!1 &128640
GameObject:
  m_ObjectHideFlags: 1
  m_PrefabParentObject: {fileID: 0}
  m_PrefabInternal: {fileID: 100100000}
  serializedVersion: 4
  m_Component:
  - 4: {fileID: 415698}
  m_Layer: 0
  m_Name: Bip001 Back Acc L
  m_TagString: Untagged
  m_Icon: {fileID: 0}
  m_NavMeshLayer: 0
  m_StaticEditorFlags: 0
  m_IsActive: 1
--- !u!1 &129178
GameObject:
  m_ObjectHideFlags: 0
  m_PrefabParentObject: {fileID: 0}
  m_PrefabInternal: {fileID: 100100000}
  serializedVersion: 4
  m_Component:
  - 4: {fileID: 439894}
  - 95: {fileID: 9580878}
  - 114: {fileID: 11457352}
  - 114: {fileID: 11497048}
  - 114: {fileID: 11405204}
  - 114: {fileID: 11448994}
  - 114: {fileID: 11452360}
  m_Layer: 0
  m_Name: HB-05-A
  m_TagString: Untagged
  m_Icon: {fileID: 0}
  m_NavMeshLayer: 0
  m_StaticEditorFlags: 0
  m_IsActive: 1
--- !u!1 &130156
GameObject:
  m_ObjectHideFlags: 1
  m_PrefabParentObject: {fileID: 0}
  m_PrefabInternal: {fileID: 100100000}
  serializedVersion: 4
  m_Component:
  - 4: {fileID: 480208}
  m_Layer: 0
  m_Name: Bip001 R Hand
  m_TagString: Untagged
  m_Icon: {fileID: 0}
  m_NavMeshLayer: 0
  m_StaticEditorFlags: 0
  m_IsActive: 1
--- !u!1 &132382
GameObject:
  m_ObjectHideFlags: 1
  m_PrefabParentObject: {fileID: 0}
  m_PrefabInternal: {fileID: 100100000}
  serializedVersion: 4
  m_Component:
  - 4: {fileID: 475804}
  m_Layer: 0
  m_Name: HLP_R_Sheath
  m_TagString: Untagged
  m_Icon: {fileID: 0}
  m_NavMeshLayer: 0
  m_StaticEditorFlags: 0
  m_IsActive: 1
--- !u!1 &132476
GameObject:
  m_ObjectHideFlags: 1
  m_PrefabParentObject: {fileID: 0}
  m_PrefabInternal: {fileID: 100100000}
  serializedVersion: 4
  m_Component:
  - 4: {fileID: 476600}
  m_Layer: 0
  m_Name: Bip001 R ForeTwist
  m_TagString: Untagged
  m_Icon: {fileID: 0}
  m_NavMeshLayer: 0
  m_StaticEditorFlags: 0
  m_IsActive: 1
--- !u!1 &133524
GameObject:
  m_ObjectHideFlags: 1
  m_PrefabParentObject: {fileID: 0}
  m_PrefabInternal: {fileID: 100100000}
  serializedVersion: 4
  m_Component:
  - 4: {fileID: 486628}
  m_Layer: 0
  m_Name: Bip001 Head
  m_TagString: Untagged
  m_Icon: {fileID: 0}
  m_NavMeshLayer: 0
  m_StaticEditorFlags: 0
  m_IsActive: 1
--- !u!1 &133960
GameObject:
  m_ObjectHideFlags: 1
  m_PrefabParentObject: {fileID: 0}
  m_PrefabInternal: {fileID: 100100000}
  serializedVersion: 4
  m_Component:
  - 4: {fileID: 428638}
  m_Layer: 0
  m_Name: Bip001 L Finger42
  m_TagString: Untagged
  m_Icon: {fileID: 0}
  m_NavMeshLayer: 0
  m_StaticEditorFlags: 0
  m_IsActive: 1
--- !u!1 &135910
GameObject:
  m_ObjectHideFlags: 1
  m_PrefabParentObject: {fileID: 0}
  m_PrefabInternal: {fileID: 100100000}
  serializedVersion: 4
  m_Component:
  - 4: {fileID: 423052}
  m_Layer: 0
  m_Name: Bip001 Back Acc R
  m_TagString: Untagged
  m_Icon: {fileID: 0}
  m_NavMeshLayer: 0
  m_StaticEditorFlags: 0
  m_IsActive: 1
--- !u!1 &137448
GameObject:
  m_ObjectHideFlags: 1
  m_PrefabParentObject: {fileID: 0}
  m_PrefabInternal: {fileID: 100100000}
  serializedVersion: 4
  m_Component:
  - 4: {fileID: 404446}
  m_Layer: 0
  m_Name: Bip001 L Forearm
  m_TagString: Untagged
  m_Icon: {fileID: 0}
  m_NavMeshLayer: 0
  m_StaticEditorFlags: 0
  m_IsActive: 1
--- !u!1 &138058
GameObject:
  m_ObjectHideFlags: 1
  m_PrefabParentObject: {fileID: 0}
  m_PrefabInternal: {fileID: 100100000}
  serializedVersion: 4
  m_Component:
  - 4: {fileID: 419682}
  m_Layer: 0
  m_Name: Bip001 L Finger22
  m_TagString: Untagged
  m_Icon: {fileID: 0}
  m_NavMeshLayer: 0
  m_StaticEditorFlags: 0
  m_IsActive: 1
--- !u!1 &141464
GameObject:
  m_ObjectHideFlags: 1
  m_PrefabParentObject: {fileID: 0}
  m_PrefabInternal: {fileID: 100100000}
  serializedVersion: 4
  m_Component:
  - 4: {fileID: 492046}
  m_Layer: 0
  m_Name: Bip001 R Foot
  m_TagString: Untagged
  m_Icon: {fileID: 0}
  m_NavMeshLayer: 0
  m_StaticEditorFlags: 0
  m_IsActive: 1
--- !u!1 &143184
GameObject:
  m_ObjectHideFlags: 1
  m_PrefabParentObject: {fileID: 0}
  m_PrefabInternal: {fileID: 100100000}
  serializedVersion: 4
  m_Component:
  - 4: {fileID: 446794}
  m_Layer: 0
  m_Name: Bip001 Back Acc R03
  m_TagString: Untagged
  m_Icon: {fileID: 0}
  m_NavMeshLayer: 0
  m_StaticEditorFlags: 0
  m_IsActive: 1
--- !u!1 &143330
GameObject:
  m_ObjectHideFlags: 1
  m_PrefabParentObject: {fileID: 0}
  m_PrefabInternal: {fileID: 100100000}
  serializedVersion: 4
  m_Component:
  - 4: {fileID: 421180}
  m_Layer: 0
  m_Name: Bip001 R Calf
  m_TagString: Untagged
  m_Icon: {fileID: 0}
  m_NavMeshLayer: 0
  m_StaticEditorFlags: 0
  m_IsActive: 1
--- !u!1 &144596
GameObject:
  m_ObjectHideFlags: 1
  m_PrefabParentObject: {fileID: 0}
  m_PrefabInternal: {fileID: 100100000}
  serializedVersion: 4
  m_Component:
  - 4: {fileID: 413058}
  m_Layer: 0
  m_Name: Bip001 RF L
  m_TagString: Untagged
  m_Icon: {fileID: 0}
  m_NavMeshLayer: 0
  m_StaticEditorFlags: 0
  m_IsActive: 1
--- !u!1 &146152
GameObject:
  m_ObjectHideFlags: 1
  m_PrefabParentObject: {fileID: 0}
  m_PrefabInternal: {fileID: 100100000}
  serializedVersion: 4
  m_Component:
  - 4: {fileID: 423510}
  m_Layer: 0
  m_Name: Bip001 L Finger21
  m_TagString: Untagged
  m_Icon: {fileID: 0}
  m_NavMeshLayer: 0
  m_StaticEditorFlags: 0
  m_IsActive: 1
--- !u!1 &146994
GameObject:
  m_ObjectHideFlags: 1
  m_PrefabParentObject: {fileID: 0}
  m_PrefabInternal: {fileID: 100100000}
  serializedVersion: 4
  m_Component:
  - 4: {fileID: 406800}
  m_Layer: 0
  m_Name: Bip001 RS R
  m_TagString: Untagged
  m_Icon: {fileID: 0}
  m_NavMeshLayer: 0
  m_StaticEditorFlags: 0
  m_IsActive: 1
--- !u!1 &147030
GameObject:
  m_ObjectHideFlags: 1
  m_PrefabParentObject: {fileID: 0}
  m_PrefabInternal: {fileID: 100100000}
  serializedVersion: 4
  m_Component:
  - 4: {fileID: 470752}
  m_Layer: 0
  m_Name: Bip001 Back Acc L03
  m_TagString: Untagged
  m_Icon: {fileID: 0}
  m_NavMeshLayer: 0
  m_StaticEditorFlags: 0
  m_IsActive: 1
--- !u!1 &147278
GameObject:
  m_ObjectHideFlags: 1
  m_PrefabParentObject: {fileID: 0}
  m_PrefabInternal: {fileID: 100100000}
  serializedVersion: 4
  m_Component:
  - 4: {fileID: 420892}
  m_Layer: 0
  m_Name: Bip001 L Finger11
  m_TagString: Untagged
  m_Icon: {fileID: 0}
  m_NavMeshLayer: 0
  m_StaticEditorFlags: 0
  m_IsActive: 1
--- !u!1 &148208
GameObject:
  m_ObjectHideFlags: 1
  m_PrefabParentObject: {fileID: 0}
  m_PrefabInternal: {fileID: 100100000}
  serializedVersion: 4
  m_Component:
  - 4: {fileID: 480396}
  m_Layer: 0
  m_Name: Bip001 R Finger11
  m_TagString: Untagged
  m_Icon: {fileID: 0}
  m_NavMeshLayer: 0
  m_StaticEditorFlags: 0
  m_IsActive: 1
--- !u!1 &150022
GameObject:
  m_ObjectHideFlags: 1
  m_PrefabParentObject: {fileID: 0}
  m_PrefabInternal: {fileID: 100100000}
  serializedVersion: 4
  m_Component:
  - 4: {fileID: 427226}
  m_Layer: 0
  m_Name: Bip001 L Clavicle
  m_TagString: Untagged
  m_Icon: {fileID: 0}
  m_NavMeshLayer: 0
  m_StaticEditorFlags: 0
  m_IsActive: 1
--- !u!1 &150386
GameObject:
  m_ObjectHideFlags: 1
  m_PrefabParentObject: {fileID: 0}
  m_PrefabInternal: {fileID: 100100000}
  serializedVersion: 4
  m_Component:
  - 4: {fileID: 454766}
  m_Layer: 0
  m_Name: Bip001 R Clavicle
  m_TagString: Untagged
  m_Icon: {fileID: 0}
  m_NavMeshLayer: 0
  m_StaticEditorFlags: 0
  m_IsActive: 1
--- !u!1 &150622
GameObject:
  m_ObjectHideFlags: 1
  m_PrefabParentObject: {fileID: 0}
  m_PrefabInternal: {fileID: 100100000}
  serializedVersion: 4
  m_Component:
  - 4: {fileID: 413214}
  m_Layer: 0
  m_Name: Bip001 R Finger0
  m_TagString: Untagged
  m_Icon: {fileID: 0}
  m_NavMeshLayer: 0
  m_StaticEditorFlags: 0
  m_IsActive: 1
--- !u!1 &151180
GameObject:
  m_ObjectHideFlags: 1
  m_PrefabParentObject: {fileID: 0}
  m_PrefabInternal: {fileID: 100100000}
  serializedVersion: 4
  m_Component:
  - 4: {fileID: 432744}
  m_Layer: 0
  m_Name: Bip001 L Finger02
  m_TagString: Untagged
  m_Icon: {fileID: 0}
  m_NavMeshLayer: 0
  m_StaticEditorFlags: 0
  m_IsActive: 1
--- !u!1 &151820
GameObject:
  m_ObjectHideFlags: 1
  m_PrefabParentObject: {fileID: 0}
  m_PrefabInternal: {fileID: 100100000}
  serializedVersion: 4
  m_Component:
  - 4: {fileID: 426474}
  m_Layer: 0
  m_Name: Bip001 R Finger21
  m_TagString: Untagged
  m_Icon: {fileID: 0}
  m_NavMeshLayer: 0
  m_StaticEditorFlags: 0
  m_IsActive: 1
--- !u!1 &153106
GameObject:
  m_ObjectHideFlags: 1
  m_PrefabParentObject: {fileID: 0}
  m_PrefabInternal: {fileID: 100100000}
  serializedVersion: 4
  m_Component:
  - 4: {fileID: 474740}
  m_Layer: 0
  m_Name: Bip001 Back Acc L02
  m_TagString: Untagged
  m_Icon: {fileID: 0}
  m_NavMeshLayer: 0
  m_StaticEditorFlags: 0
  m_IsActive: 1
--- !u!1 &154804
GameObject:
  m_ObjectHideFlags: 1
  m_PrefabParentObject: {fileID: 0}
  m_PrefabInternal: {fileID: 100100000}
  serializedVersion: 4
  m_Component:
  - 4: {fileID: 474186}
  m_Layer: 0
  m_Name: HLP_R_Hand
  m_TagString: Untagged
  m_Icon: {fileID: 0}
  m_NavMeshLayer: 0
  m_StaticEditorFlags: 0
  m_IsActive: 1
--- !u!1 &157656
GameObject:
  m_ObjectHideFlags: 1
  m_PrefabParentObject: {fileID: 0}
  m_PrefabInternal: {fileID: 100100000}
  serializedVersion: 4
  m_Component:
  - 4: {fileID: 488060}
  m_Layer: 0
  m_Name: Bip001 R Finger12
  m_TagString: Untagged
  m_Icon: {fileID: 0}
  m_NavMeshLayer: 0
  m_StaticEditorFlags: 0
  m_IsActive: 1
--- !u!1 &158594
GameObject:
  m_ObjectHideFlags: 1
  m_PrefabParentObject: {fileID: 0}
  m_PrefabInternal: {fileID: 100100000}
  serializedVersion: 4
  m_Component:
  - 4: {fileID: 400774}
  m_Layer: 0
  m_Name: HLP_L_Sheath
  m_TagString: Untagged
  m_Icon: {fileID: 0}
  m_NavMeshLayer: 0
  m_StaticEditorFlags: 0
  m_IsActive: 1
--- !u!1 &159356
GameObject:
  m_ObjectHideFlags: 1
  m_PrefabParentObject: {fileID: 0}
  m_PrefabInternal: {fileID: 100100000}
  serializedVersion: 4
  m_Component:
  - 4: {fileID: 406594}
  m_Layer: 0
  m_Name: Bip001 R Toe0
  m_TagString: Untagged
  m_Icon: {fileID: 0}
  m_NavMeshLayer: 0
  m_StaticEditorFlags: 0
  m_IsActive: 1
--- !u!1 &160986
GameObject:
  m_ObjectHideFlags: 1
  m_PrefabParentObject: {fileID: 0}
  m_PrefabInternal: {fileID: 100100000}
  serializedVersion: 4
  m_Component:
  - 4: {fileID: 499810}
  m_Layer: 0
  m_Name: Bip001 L Finger32
  m_TagString: Untagged
  m_Icon: {fileID: 0}
  m_NavMeshLayer: 0
  m_StaticEditorFlags: 0
  m_IsActive: 1
--- !u!1 &161164
GameObject:
  m_ObjectHideFlags: 1
  m_PrefabParentObject: {fileID: 0}
  m_PrefabInternal: {fileID: 100100000}
  serializedVersion: 4
  m_Component:
  - 4: {fileID: 486118}
  m_Layer: 0
  m_Name: Bip001 L ForeTwist
  m_TagString: Untagged
  m_Icon: {fileID: 0}
  m_NavMeshLayer: 0
  m_StaticEditorFlags: 0
  m_IsActive: 1
--- !u!1 &161266
GameObject:
  m_ObjectHideFlags: 0
  m_PrefabParentObject: {fileID: 0}
  m_PrefabInternal: {fileID: 100100000}
  serializedVersion: 4
  m_Component:
  - 4: {fileID: 448986}
  m_Layer: 0
  m_Name: Bip001
  m_TagString: Untagged
  m_Icon: {fileID: 0}
  m_NavMeshLayer: 0
  m_StaticEditorFlags: 0
  m_IsActive: 1
--- !u!1 &162244
GameObject:
  m_ObjectHideFlags: 1
  m_PrefabParentObject: {fileID: 0}
  m_PrefabInternal: {fileID: 100100000}
  serializedVersion: 4
  m_Component:
  - 4: {fileID: 432302}
  m_Layer: 0
  m_Name: Bip001 Rok Front
  m_TagString: Untagged
  m_Icon: {fileID: 0}
  m_NavMeshLayer: 0
  m_StaticEditorFlags: 0
  m_IsActive: 1
--- !u!1 &164654
GameObject:
  m_ObjectHideFlags: 1
  m_PrefabParentObject: {fileID: 0}
  m_PrefabInternal: {fileID: 100100000}
  serializedVersion: 4
  m_Component:
  - 4: {fileID: 486116}
  m_Layer: 0
  m_Name: Bip001 R Finger4
  m_TagString: Untagged
  m_Icon: {fileID: 0}
  m_NavMeshLayer: 0
  m_StaticEditorFlags: 0
  m_IsActive: 1
--- !u!1 &169094
GameObject:
  m_ObjectHideFlags: 1
  m_PrefabParentObject: {fileID: 0}
  m_PrefabInternal: {fileID: 100100000}
  serializedVersion: 4
  m_Component:
  - 4: {fileID: 425682}
  m_Layer: 0
  m_Name: Bip001 L Thigh
  m_TagString: Untagged
  m_Icon: {fileID: 0}
  m_NavMeshLayer: 0
  m_StaticEditorFlags: 0
  m_IsActive: 1
--- !u!1 &169178
GameObject:
  m_ObjectHideFlags: 1
  m_PrefabParentObject: {fileID: 0}
  m_PrefabInternal: {fileID: 100100000}
  serializedVersion: 4
  m_Component:
  - 4: {fileID: 442696}
  m_Layer: 0
  m_Name: Bip001 R Finger3
  m_TagString: Untagged
  m_Icon: {fileID: 0}
  m_NavMeshLayer: 0
  m_StaticEditorFlags: 0
  m_IsActive: 1
--- !u!1 &171862
GameObject:
  m_ObjectHideFlags: 1
  m_PrefabParentObject: {fileID: 0}
  m_PrefabInternal: {fileID: 100100000}
  serializedVersion: 4
  m_Component:
  - 4: {fileID: 446340}
  m_Layer: 0
  m_Name: Bip001 L Toe0
  m_TagString: Untagged
  m_Icon: {fileID: 0}
  m_NavMeshLayer: 0
  m_StaticEditorFlags: 0
  m_IsActive: 1
--- !u!1 &172260
GameObject:
  m_ObjectHideFlags: 1
  m_PrefabParentObject: {fileID: 0}
  m_PrefabInternal: {fileID: 100100000}
  serializedVersion: 4
  m_Component:
  - 4: {fileID: 496496}
  m_Layer: 0
  m_Name: Bip001 Xtra01
  m_TagString: Untagged
  m_Icon: {fileID: 0}
  m_NavMeshLayer: 0
  m_StaticEditorFlags: 0
  m_IsActive: 1
--- !u!1 &172876
GameObject:
  m_ObjectHideFlags: 1
  m_PrefabParentObject: {fileID: 0}
  m_PrefabInternal: {fileID: 100100000}
  serializedVersion: 4
  m_Component:
  - 4: {fileID: 413814}
  m_Layer: 0
  m_Name: Bip001 Front acc02
  m_TagString: Untagged
  m_Icon: {fileID: 0}
  m_NavMeshLayer: 0
  m_StaticEditorFlags: 0
  m_IsActive: 1
--- !u!1 &173056
GameObject:
  m_ObjectHideFlags: 1
  m_PrefabParentObject: {fileID: 0}
  m_PrefabInternal: {fileID: 100100000}
  serializedVersion: 4
  m_Component:
  - 4: {fileID: 462620}
  m_Layer: 0
  m_Name: Bip001 L Finger2
  m_TagString: Untagged
  m_Icon: {fileID: 0}
  m_NavMeshLayer: 0
  m_StaticEditorFlags: 0
  m_IsActive: 1
--- !u!1 &173246
GameObject:
  m_ObjectHideFlags: 1
  m_PrefabParentObject: {fileID: 0}
  m_PrefabInternal: {fileID: 100100000}
  serializedVersion: 4
  m_Component:
  - 4: {fileID: 478410}
  m_Layer: 0
  m_Name: Bip001 R Finger22
  m_TagString: Untagged
  m_Icon: {fileID: 0}
  m_NavMeshLayer: 0
  m_StaticEditorFlags: 0
  m_IsActive: 1
--- !u!1 &174078
GameObject:
  m_ObjectHideFlags: 1
  m_PrefabParentObject: {fileID: 0}
  m_PrefabInternal: {fileID: 100100000}
  serializedVersion: 4
  m_Component:
  - 4: {fileID: 435316}
  m_Layer: 0
  m_Name: Bip001 L UpperArm
  m_TagString: Untagged
  m_Icon: {fileID: 0}
  m_NavMeshLayer: 0
  m_StaticEditorFlags: 0
  m_IsActive: 1
--- !u!1 &175498
GameObject:
  m_ObjectHideFlags: 1
  m_PrefabParentObject: {fileID: 0}
  m_PrefabInternal: {fileID: 100100000}
  serializedVersion: 4
  m_Component:
  - 4: {fileID: 416800}
  m_Layer: 0
  m_Name: Bip001 L Calf
  m_TagString: Untagged
  m_Icon: {fileID: 0}
  m_NavMeshLayer: 0
  m_StaticEditorFlags: 0
  m_IsActive: 1
--- !u!1 &175730
GameObject:
  m_ObjectHideFlags: 1
  m_PrefabParentObject: {fileID: 0}
  m_PrefabInternal: {fileID: 100100000}
  serializedVersion: 4
  m_Component:
  - 4: {fileID: 437462}
  m_Layer: 0
  m_Name: Bip001 Dagger Slevees
  m_TagString: Untagged
  m_Icon: {fileID: 0}
  m_NavMeshLayer: 0
  m_StaticEditorFlags: 0
  m_IsActive: 1
--- !u!1 &176006
GameObject:
  m_ObjectHideFlags: 1
  m_PrefabParentObject: {fileID: 0}
  m_PrefabInternal: {fileID: 100100000}
  serializedVersion: 4
  m_Component:
  - 4: {fileID: 427304}
  m_Layer: 0
  m_Name: Bip001 RS L02
  m_TagString: Untagged
  m_Icon: {fileID: 0}
  m_NavMeshLayer: 0
  m_StaticEditorFlags: 0
  m_IsActive: 1
--- !u!1 &176258
GameObject:
  m_ObjectHideFlags: 1
  m_PrefabParentObject: {fileID: 0}
  m_PrefabInternal: {fileID: 100100000}
  serializedVersion: 4
  m_Component:
  - 4: {fileID: 447788}
  m_Layer: 0
  m_Name: Bip001 Rok Front02
  m_TagString: Untagged
  m_Icon: {fileID: 0}
  m_NavMeshLayer: 0
  m_StaticEditorFlags: 0
  m_IsActive: 1
--- !u!1 &176566
GameObject:
  m_ObjectHideFlags: 1
  m_PrefabParentObject: {fileID: 0}
  m_PrefabInternal: {fileID: 100100000}
  serializedVersion: 4
  m_Component:
  - 4: {fileID: 447134}
  m_Layer: 0
  m_Name: Bip001 L Finger12
  m_TagString: Untagged
  m_Icon: {fileID: 0}
  m_NavMeshLayer: 0
  m_StaticEditorFlags: 0
  m_IsActive: 1
--- !u!1 &177764
GameObject:
  m_ObjectHideFlags: 0
  m_PrefabParentObject: {fileID: 0}
  m_PrefabInternal: {fileID: 100100000}
  serializedVersion: 4
  m_Component:
  - 4: {fileID: 477798}
  m_Layer: 18
  m_Name: HLP_Info
  m_TagString: Untagged
  m_Icon: {fileID: 0}
  m_NavMeshLayer: 0
  m_StaticEditorFlags: 0
  m_IsActive: 1
--- !u!1 &178924
GameObject:
  m_ObjectHideFlags: 1
  m_PrefabParentObject: {fileID: 0}
  m_PrefabInternal: {fileID: 100100000}
  serializedVersion: 4
  m_Component:
  - 4: {fileID: 465556}
  m_Layer: 0
  m_Name: Bip001 Spine2
  m_TagString: Untagged
  m_Icon: {fileID: 0}
  m_NavMeshLayer: 0
  m_StaticEditorFlags: 0
  m_IsActive: 1
--- !u!1 &179282
GameObject:
  m_ObjectHideFlags: 1
  m_PrefabParentObject: {fileID: 0}
  m_PrefabInternal: {fileID: 100100000}
  serializedVersion: 4
  m_Component:
  - 4: {fileID: 481160}
  m_Layer: 0
  m_Name: Bip001 Neck
  m_TagString: Untagged
  m_Icon: {fileID: 0}
  m_NavMeshLayer: 0
  m_StaticEditorFlags: 0
  m_IsActive: 1
--- !u!1 &185360
GameObject:
  m_ObjectHideFlags: 0
  m_PrefabParentObject: {fileID: 0}
  m_PrefabInternal: {fileID: 100100000}
  serializedVersion: 4
  m_Component:
  - 4: {fileID: 467360}
  m_Layer: 0
  m_Name: HLP_Focus_Camera
  m_TagString: Untagged
  m_Icon: {fileID: 0}
  m_NavMeshLayer: 0
  m_StaticEditorFlags: 0
  m_IsActive: 1
--- !u!1 &186462
GameObject:
  m_ObjectHideFlags: 1
  m_PrefabParentObject: {fileID: 0}
  m_PrefabInternal: {fileID: 100100000}
  serializedVersion: 4
  m_Component:
  - 4: {fileID: 403888}
  m_Layer: 0
  m_Name: HLP_L_Hand
  m_TagString: Untagged
  m_Icon: {fileID: 0}
  m_NavMeshLayer: 0
  m_StaticEditorFlags: 0
  m_IsActive: 1
--- !u!1 &187480
GameObject:
  m_ObjectHideFlags: 1
  m_PrefabParentObject: {fileID: 0}
  m_PrefabInternal: {fileID: 100100000}
  serializedVersion: 4
  m_Component:
  - 4: {fileID: 499578}
  m_Layer: 0
  m_Name: Bip001 L Finger31
  m_TagString: Untagged
  m_Icon: {fileID: 0}
  m_NavMeshLayer: 0
  m_StaticEditorFlags: 0
  m_IsActive: 1
--- !u!1 &188378
GameObject:
  m_ObjectHideFlags: 1
  m_PrefabParentObject: {fileID: 0}
  m_PrefabInternal: {fileID: 100100000}
  serializedVersion: 4
  m_Component:
  - 4: {fileID: 466746}
  m_Layer: 0
  m_Name: Bip001 L Hand
  m_TagString: Untagged
  m_Icon: {fileID: 0}
  m_NavMeshLayer: 0
  m_StaticEditorFlags: 0
  m_IsActive: 1
--- !u!1 &189452
GameObject:
  m_ObjectHideFlags: 1
  m_PrefabParentObject: {fileID: 0}
  m_PrefabInternal: {fileID: 100100000}
  serializedVersion: 4
  m_Component:
  - 4: {fileID: 497192}
  m_Layer: 0
  m_Name: Bip001 L Finger4
  m_TagString: Untagged
  m_Icon: {fileID: 0}
  m_NavMeshLayer: 0
  m_StaticEditorFlags: 0
  m_IsActive: 1
--- !u!1 &190344
GameObject:
  m_ObjectHideFlags: 1
  m_PrefabParentObject: {fileID: 0}
  m_PrefabInternal: {fileID: 100100000}
  serializedVersion: 4
  m_Component:
  - 4: {fileID: 459318}
  m_Layer: 0
  m_Name: Bip001 Xtra0202
  m_TagString: Untagged
  m_Icon: {fileID: 0}
  m_NavMeshLayer: 0
  m_StaticEditorFlags: 0
  m_IsActive: 1
--- !u!1 &191246
GameObject:
  m_ObjectHideFlags: 1
  m_PrefabParentObject: {fileID: 0}
  m_PrefabInternal: {fileID: 100100000}
  serializedVersion: 4
  m_Component:
  - 4: {fileID: 441764}
  m_Layer: 0
  m_Name: Bip001 L Finger0
  m_TagString: Untagged
  m_Icon: {fileID: 0}
  m_NavMeshLayer: 0
  m_StaticEditorFlags: 0
  m_IsActive: 1
--- !u!1 &191750
GameObject:
  m_ObjectHideFlags: 1
  m_PrefabParentObject: {fileID: 0}
  m_PrefabInternal: {fileID: 100100000}
  serializedVersion: 4
  m_Component:
  - 4: {fileID: 414192}
  m_Layer: 0
  m_Name: Bip001 R Finger1
  m_TagString: Untagged
  m_Icon: {fileID: 0}
  m_NavMeshLayer: 0
  m_StaticEditorFlags: 0
  m_IsActive: 1
--- !u!1 &191872
GameObject:
  m_ObjectHideFlags: 1
  m_PrefabParentObject: {fileID: 0}
  m_PrefabInternal: {fileID: 100100000}
  serializedVersion: 4
  m_Component:
  - 4: {fileID: 436618}
  m_Layer: 0
  m_Name: Bip001 Front acc04
  m_TagString: Untagged
  m_Icon: {fileID: 0}
  m_NavMeshLayer: 0
  m_StaticEditorFlags: 0
  m_IsActive: 1
--- !u!1 &194558
GameObject:
  m_ObjectHideFlags: 1
  m_PrefabParentObject: {fileID: 0}
  m_PrefabInternal: {fileID: 100100000}
  serializedVersion: 4
  m_Component:
  - 4: {fileID: 435836}
  m_Layer: 0
  m_Name: Bip001 RS L
  m_TagString: Untagged
  m_Icon: {fileID: 0}
  m_NavMeshLayer: 0
  m_StaticEditorFlags: 0
  m_IsActive: 1
--- !u!1 &195246
GameObject:
  m_ObjectHideFlags: 1
  m_PrefabParentObject: {fileID: 0}
  m_PrefabInternal: {fileID: 100100000}
  serializedVersion: 4
  m_Component:
  - 4: {fileID: 411736}
  m_Layer: 0
  m_Name: Bip001 L Finger41
  m_TagString: Untagged
  m_Icon: {fileID: 0}
  m_NavMeshLayer: 0
  m_StaticEditorFlags: 0
  m_IsActive: 1
--- !u!1 &195286
GameObject:
  m_ObjectHideFlags: 1
  m_PrefabParentObject: {fileID: 0}
  m_PrefabInternal: {fileID: 100100000}
  serializedVersion: 4
  m_Component:
  - 4: {fileID: 457412}
  m_Layer: 0
  m_Name: Bip001 R Finger2
  m_TagString: Untagged
  m_Icon: {fileID: 0}
  m_NavMeshLayer: 0
  m_StaticEditorFlags: 0
  m_IsActive: 1
--- !u!1 &199180
GameObject:
  m_ObjectHideFlags: 1
  m_PrefabParentObject: {fileID: 0}
  m_PrefabInternal: {fileID: 100100000}
  serializedVersion: 4
  m_Component:
  - 4: {fileID: 491614}
  m_Layer: 0
  m_Name: Bip001 R ForeTwist2
  m_TagString: Untagged
  m_Icon: {fileID: 0}
  m_NavMeshLayer: 0
  m_StaticEditorFlags: 0
  m_IsActive: 1
--- !u!1 &199458
GameObject:
  m_ObjectHideFlags: 1
  m_PrefabParentObject: {fileID: 0}
  m_PrefabInternal: {fileID: 100100000}
  serializedVersion: 4
  m_Component:
  - 4: {fileID: 457058}
  m_Layer: 0
  m_Name: Bip001 Spine1
  m_TagString: Untagged
  m_Icon: {fileID: 0}
  m_NavMeshLayer: 0
  m_StaticEditorFlags: 0
  m_IsActive: 1
--- !u!4 &400774
Transform:
  m_ObjectHideFlags: 1
  m_PrefabParentObject: {fileID: 0}
  m_PrefabInternal: {fileID: 100100000}
  m_GameObject: {fileID: 158594}
  m_LocalRotation: {x: 0.90165854, y: 0.06565208, z: -0.42374754, w: -0.056033086}
  m_LocalPosition: {x: -0.0024455565, y: 0.004337585, z: 0.23250273}
  m_LocalScale: {x: 1.0000001, y: 1.0000002, z: 0.9999999}
  m_LocalEulerAnglesHint: {x: -2.6023998, y: -129.43869, z: 170.4417}
  m_Children: []
  m_Father: {fileID: 437462}
  m_RootOrder: 0
--- !u!4 &403888
Transform:
  m_ObjectHideFlags: 1
  m_PrefabParentObject: {fileID: 0}
  m_PrefabInternal: {fileID: 100100000}
  m_GameObject: {fileID: 186462}
  m_LocalRotation: {x: 0.031673875, y: -0.0000000055851315, z: 1.7699153e-10, w: 0.9994983}
  m_LocalPosition: {x: -0.08609027, y: 0.019770507, z: 0.00031164548}
  m_LocalScale: {x: 1.0000002, y: 1.0000004, z: 1.0000001}
  m_LocalEulerAnglesHint: {x: 3.6302, y: 0, z: 0}
  m_Children: []
  m_Father: {fileID: 466746}
  m_RootOrder: 5
--- !u!4 &404446
Transform:
  m_ObjectHideFlags: 1
  m_PrefabParentObject: {fileID: 0}
  m_PrefabInternal: {fileID: 100100000}
  m_GameObject: {fileID: 137448}
  m_LocalRotation: {x: 0, y: 0, z: 0.12427769, w: 0.9922475}
  m_LocalPosition: {x: -0.22527288, y: 0, z: 0}
  m_LocalScale: {x: 0.9999999, y: 1, z: 1}
  m_LocalEulerAnglesHint: {x: 0, y: 0, z: 14.2781}
  m_Children:
  - {fileID: 486118}
  - {fileID: 466746}
  m_Father: {fileID: 435316}
  m_RootOrder: 0
--- !u!4 &405848
Transform:
  m_ObjectHideFlags: 1
  m_PrefabParentObject: {fileID: 0}
  m_PrefabInternal: {fileID: 100100000}
  m_GameObject: {fileID: 122842}
  m_LocalRotation: {x: 0.000097569085, y: 0.000000014901707, z: 0.0000000055864815,
    w: 1}
  m_LocalPosition: {x: -0.09421691, y: 0.000000007629394, z: -0.0000001220703}
  m_LocalScale: {x: 1, y: 0.99999994, z: 0.99999994}
  m_LocalEulerAnglesHint: {x: 0.0112, y: 0, z: 0}
  m_Children:
  - {fileID: 495092}
  m_Father: {fileID: 486118}
  m_RootOrder: 0
--- !u!4 &406526
Transform:
  m_ObjectHideFlags: 1
  m_PrefabParentObject: {fileID: 0}
  m_PrefabInternal: {fileID: 100100000}
  m_GameObject: {fileID: 124834}
  m_LocalRotation: {x: -0.0055642514, y: -0.037397165, z: -0.058188453, w: 0.9975894}
  m_LocalPosition: {x: -0.096874446, y: -0.008685668, z: 0.012450309}
  m_LocalScale: {x: 0.99999994, y: 1, z: 0.99999994}
  m_LocalEulerAnglesHint: {x: -0.88549995, y: -4.2423, z: -6.6436996}
  m_Children:
  - {fileID: 499578}
  m_Father: {fileID: 466746}
  m_RootOrder: 3
--- !u!4 &406594
Transform:
  m_ObjectHideFlags: 1
  m_PrefabParentObject: {fileID: 0}
  m_PrefabInternal: {fileID: 100100000}
  m_GameObject: {fileID: 159356}
  m_LocalRotation: {x: 0.000000020722668, y: -0.000000010185955, z: -0.7071068, w: 0.7071068}
  m_LocalPosition: {x: -0.10242984, y: 0.12362756, z: 0}
  m_LocalScale: {x: 1, y: 1, z: 1}
  m_LocalEulerAnglesHint: {x: 0, y: 0, z: -90}
  m_Children: []
  m_Father: {fileID: 492046}
  m_RootOrder: 0
--- !u!4 &406800
Transform:
  m_ObjectHideFlags: 1
  m_PrefabParentObject: {fileID: 0}
  m_PrefabInternal: {fileID: 100100000}
  m_GameObject: {fileID: 146994}
  m_LocalRotation: {x: 0.05381863, y: -0.68924755, z: 0.71823907, w: 0.07857496}
  m_LocalPosition: {x: -0.061810236, y: -0.018548999, z: -0.17323016}
  m_LocalScale: {x: 1.0000001, y: 1.0000001, z: 1}
  m_LocalEulerAnglesHint: {x: 86.9106, y: -35.1209, z: 134.13179}
  m_Children:
  - {fileID: 422470}
  m_Father: {fileID: 445408}
  m_RootOrder: 8
--- !u!4 &408728
Transform:
  m_ObjectHideFlags: 1
  m_PrefabParentObject: {fileID: 0}
  m_PrefabInternal: {fileID: 100100000}
  m_GameObject: {fileID: 109878}
  m_LocalRotation: {x: 0.000000012572856, y: 0, z: -0, w: 1}
  m_LocalPosition: {x: -0.15795666, y: -0.00017109679, z: 0.000000030517576}
  m_LocalScale: {x: 1, y: 0.99999994, z: 1}
  m_LocalEulerAnglesHint: {x: 0, y: 0, z: 0}
  m_Children: []
  m_Father: {fileID: 443906}
  m_RootOrder: 0
--- !u!4 &411736
Transform:
  m_ObjectHideFlags: 1
  m_PrefabParentObject: {fileID: 0}
  m_PrefabInternal: {fileID: 100100000}
  m_GameObject: {fileID: 195246}
  m_LocalRotation: {x: -0.000000003555156, y: 0.0000000038879864, z: -0.044671778,
    w: 0.99900174}
  m_LocalPosition: {x: -0.01718106, y: 0, z: 0}
  m_LocalScale: {x: 1.0000001, y: 1, z: 1.0000001}
  m_LocalEulerAnglesHint: {x: 0, y: 0, z: -5.1207}
  m_Children:
  - {fileID: 428638}
  m_Father: {fileID: 497192}
  m_RootOrder: 0
--- !u!4 &412400
Transform:
  m_ObjectHideFlags: 1
  m_PrefabParentObject: {fileID: 0}
  m_PrefabInternal: {fileID: 100100000}
  m_GameObject: {fileID: 113012}
  m_LocalRotation: {x: -0.09019123, y: 0.06450945, z: -0.030344233, w: 0.9933697}
  m_LocalPosition: {x: -0.3681768, y: -0.000000003814697, z: -0.000000015258788}
  m_LocalScale: {x: 1, y: 1, z: 1}
  m_LocalEulerAnglesHint: {x: -10.0945, y: 7.8012996, z: -4.1893}
  m_Children:
  - {fileID: 446340}
  m_Father: {fileID: 416800}
  m_RootOrder: 0
--- !u!4 &413058
Transform:
  m_ObjectHideFlags: 1
  m_PrefabParentObject: {fileID: 0}
  m_PrefabInternal: {fileID: 100100000}
  m_GameObject: {fileID: 144596}
  m_LocalRotation: {x: -0.046010423, y: -0.30817503, z: 0.9500057, w: -0.020008836}
  m_LocalPosition: {x: -0.07305438, y: 0.08151151, z: 0.11256305}
  m_LocalScale: {x: 1.0000001, y: 1.0000001, z: 1.0000001}
  m_LocalEulerAnglesHint: {x: 35.9711, y: -5.3234997, z: -179.3162}
  m_Children:
  - {fileID: 489942}
  m_Father: {fileID: 445408}
  m_RootOrder: 4
--- !u!4 &413214
Transform:
  m_ObjectHideFlags: 1
  m_PrefabParentObject: {fileID: 0}
  m_PrefabInternal: {fileID: 100100000}
  m_GameObject: {fileID: 150622}
  m_LocalRotation: {x: -0.682623, y: 0.38986826, z: 0.18079439, w: 0.5910515}
  m_LocalPosition: {x: -0.021898009, y: 0.01769873, z: 0.046559837}
  m_LocalScale: {x: 1.0000005, y: 1.0000005, z: 1}
  m_LocalEulerAnglesHint: {x: -71.4242, y: 137.7872, z: -89.518295}
  m_Children:
  - {fileID: 438658}
  m_Father: {fileID: 480208}
  m_RootOrder: 0
--- !u!4 &413814
Transform:
  m_ObjectHideFlags: 1
  m_PrefabParentObject: {fileID: 0}
  m_PrefabInternal: {fileID: 100100000}
  m_GameObject: {fileID: 172876}
  m_LocalRotation: {x: -0.000000006782528, y: 0.00000014510435, z: -0.05176336, w: 0.9986594}
  m_LocalPosition: {x: -0.071413815, y: -0.00005451965, z: 0.000000007629394}
  m_LocalScale: {x: 0.99999994, y: 1, z: 1}
  m_LocalEulerAnglesHint: {x: 0, y: 0, z: -5.9343}
  m_Children:
  - {fileID: 414932}
  m_Father: {fileID: 432490}
  m_RootOrder: 0
--- !u!4 &414192
Transform:
  m_ObjectHideFlags: 1
  m_PrefabParentObject: {fileID: 0}
  m_PrefabInternal: {fileID: 100100000}
  m_GameObject: {fileID: 191750}
  m_LocalRotation: {x: -0.07205179, y: 0.050891373, z: 0.026427325, w: 0.9957511}
  m_LocalPosition: {x: -0.09353695, y: -0.0032597654, z: 0.040340796}
  m_LocalScale: {x: 1.0000004, y: 1.0000001, z: 0.9999995}
  m_LocalEulerAnglesHint: {x: -8.4057, y: 5.6586, z: 2.6244}
  m_Children:
  - {fileID: 480396}
  m_Father: {fileID: 480208}
  m_RootOrder: 1
--- !u!4 &414932
Transform:
  m_ObjectHideFlags: 1
  m_PrefabParentObject: {fileID: 0}
  m_PrefabInternal: {fileID: 100100000}
  m_GameObject: {fileID: 115066}
  m_LocalRotation: {x: 0.0000000011707472, y: 2.910383e-11, z: 1.1641532e-10, w: 1}
  m_LocalPosition: {x: -0.06880944, y: -0.000054931636, z: -0.000000003814697}
  m_LocalScale: {x: 1, y: 0.99999994, z: 1}
  m_LocalEulerAnglesHint: {x: 0, y: 0, z: 0}
  m_Children:
  - {fileID: 436618}
  m_Father: {fileID: 413814}
  m_RootOrder: 0
--- !u!4 &415526
Transform:
  m_ObjectHideFlags: 1
  m_PrefabParentObject: {fileID: 0}
  m_PrefabInternal: {fileID: 100100000}
  m_GameObject: {fileID: 128558}
  m_LocalRotation: {x: 1.1013411e-13, y: 1.4210853e-14, z: -1.56509965e-27, w: 1}
  m_LocalPosition: {x: -0.15444213, y: -0.00012680053, z: -2.3841856e-10}
  m_LocalScale: {x: 1.0000001, y: 1.0000001, z: 1}
  m_LocalEulerAnglesHint: {x: 0, y: 0, z: 0}
  m_Children: []
  m_Father: {fileID: 496496}
  m_RootOrder: 0
--- !u!4 &415698
Transform:
  m_ObjectHideFlags: 1
  m_PrefabParentObject: {fileID: 0}
  m_PrefabInternal: {fileID: 100100000}
  m_GameObject: {fileID: 128640}
  m_LocalRotation: {x: -0.02648794, y: 0.1117093, z: 0.97363436, w: 0.19711806}
  m_LocalPosition: {x: -0.09270574, y: -0.103447706, z: 0.09613076}
  m_LocalScale: {x: 0.99999994, y: 1, z: 1}
  m_LocalEulerAnglesHint: {x: -13.1776, y: -0.4437, z: 157.16089}
  m_Children:
  - {fileID: 474740}
  m_Father: {fileID: 445408}
  m_RootOrder: 0
--- !u!4 &416800
Transform:
  m_ObjectHideFlags: 1
  m_PrefabParentObject: {fileID: 0}
  m_PrefabInternal: {fileID: 100100000}
  m_GameObject: {fileID: 175498}
  m_LocalRotation: {x: -0.0000000013733424, y: -0.000000007454974, z: 0.0031721527,
    w: 0.999995}
  m_LocalPosition: {x: -0.504192, y: 0, z: 0.000000015258788}
  m_LocalScale: {x: 1, y: 1, z: 1}
  m_LocalEulerAnglesHint: {x: 0, y: 0, z: 0.3635}
  m_Children:
  - {fileID: 412400}
  m_Father: {fileID: 425682}
  m_RootOrder: 0
--- !u!4 &419682
Transform:
  m_ObjectHideFlags: 1
  m_PrefabParentObject: {fileID: 0}
  m_PrefabInternal: {fileID: 100100000}
  m_GameObject: {fileID: 138058}
  m_LocalRotation: {x: 0.000000007991886, y: -0.0000000068667347, z: 0.07550762, w: 0.99714524}
  m_LocalPosition: {x: -0.03314633, y: -0.0000001220703, z: 0}
  m_LocalScale: {x: 1.0000001, y: 1.0000001, z: 1.0000002}
  m_LocalEulerAnglesHint: {x: 0, y: 0, z: 8.6608}
  m_Children: []
  m_Father: {fileID: 423510}
  m_RootOrder: 0
--- !u!4 &419938
Transform:
  m_ObjectHideFlags: 1
  m_PrefabParentObject: {fileID: 0}
  m_PrefabInternal: {fileID: 100100000}
  m_GameObject: {fileID: 112172}
  m_LocalRotation: {x: 0.033022255, y: 0.9975426, z: -0.008457469, w: -0.061211076}
  m_LocalPosition: {x: 0.11072014, y: 0.00015112637, z: -0.08737861}
  m_LocalScale: {x: 1, y: 0.99999994, z: 1}
  m_LocalEulerAnglesHint: {x: 0.7352, y: -172.95259, z: 3.8372998}
  m_Children:
  - {fileID: 421180}
  m_Father: {fileID: 458098}
  m_RootOrder: 1
--- !u!4 &420892
Transform:
  m_ObjectHideFlags: 1
  m_PrefabParentObject: {fileID: 0}
  m_PrefabInternal: {fileID: 100100000}
  m_GameObject: {fileID: 147278}
  m_LocalRotation: {x: 0.000000010730153, y: -0.000000029410586, z: -0.047228348,
    w: 0.99888414}
  m_LocalPosition: {x: -0.026135191, y: 0.0000001220703, z: 0}
  m_LocalScale: {x: 1, y: 1.0000001, z: 1}
  m_LocalEulerAnglesHint: {x: 0, y: 0, z: -5.414}
  m_Children:
  - {fileID: 447134}
  m_Father: {fileID: 457256}
  m_RootOrder: 0
--- !u!4 &421180
Transform:
  m_ObjectHideFlags: 1
  m_PrefabParentObject: {fileID: 0}
  m_PrefabInternal: {fileID: 100100000}
  m_GameObject: {fileID: 143330}
  m_LocalRotation: {x: 9.0768354e-10, y: 0.000000007453497, z: 0.003172153, w: 0.999995}
  m_LocalPosition: {x: -0.504192, y: 0.000000007629394, z: -0.000000015258788}
  m_LocalScale: {x: 1, y: 1, z: 1}
  m_LocalEulerAnglesHint: {x: 0, y: 0, z: 0.3635}
  m_Children:
  - {fileID: 492046}
  m_Father: {fileID: 419938}
  m_RootOrder: 0
--- !u!4 &422470
Transform:
  m_ObjectHideFlags: 1
  m_PrefabParentObject: {fileID: 0}
  m_PrefabInternal: {fileID: 100100000}
  m_GameObject: {fileID: 102586}
  m_LocalRotation: {x: -2.1672343e-10, y: -0.000000067080734, z: 0.024537401, w: 0.99969894}
  m_LocalPosition: {x: -0.1418651, y: -0.00016296386, z: 0}
  m_LocalScale: {x: 1.0000001, y: 1, z: 1.0000001}
  m_LocalEulerAnglesHint: {x: 0, y: 0, z: 2.8121}
  m_Children: []
  m_Father: {fileID: 406800}
  m_RootOrder: 0
--- !u!4 &422610
Transform:
  m_ObjectHideFlags: 1
  m_PrefabParentObject: {fileID: 0}
  m_PrefabInternal: {fileID: 100100000}
  m_GameObject: {fileID: 113902}
  m_LocalRotation: {x: -0.07616078, y: 0.22909278, z: -0.05831384, w: 0.9686669}
  m_LocalPosition: {x: -0.11359218, y: -0.000000015258788, z: 0}
  m_LocalScale: {x: 1.0000001, y: 1.0000002, z: 1.0000001}
  m_LocalEulerAnglesHint: {x: -6.9400997, y: 27.1327, z: -8.5667}
  m_Children:
  - {fileID: 468034}
  m_Father: {fileID: 454766}
  m_RootOrder: 0
--- !u!4 &423052
Transform:
  m_ObjectHideFlags: 1
  m_PrefabParentObject: {fileID: 0}
  m_PrefabInternal: {fileID: 100100000}
  m_GameObject: {fileID: 135910}
  m_LocalRotation: {x: 0.06501998, y: -0.32862633, z: 0.92376965, w: 0.18554464}
  m_LocalPosition: {x: -0.08790826, y: -0.0818934, z: -0.14317878}
  m_LocalScale: {x: 1, y: 1, z: 1}
  m_LocalEulerAnglesHint: {x: 39.1445, y: -0.1346, z: 157.23799}
  m_Children:
  - {fileID: 433488}
  m_Father: {fileID: 445408}
  m_RootOrder: 1
--- !u!4 &423510
Transform:
  m_ObjectHideFlags: 1
  m_PrefabParentObject: {fileID: 0}
  m_PrefabInternal: {fileID: 100100000}
  m_GameObject: {fileID: 146152}
  m_LocalRotation: {x: -0.0000000041335984, y: -0.000000003266334, z: -0.11640223,
    w: 0.99320215}
  m_LocalPosition: {x: -0.032387022, y: 0.0000001220703, z: -0.000000030517576}
  m_LocalScale: {x: 1.0000001, y: 1.0000001, z: 1.0000001}
  m_LocalEulerAnglesHint: {x: 0, y: 0, z: -13.3689995}
  m_Children:
  - {fileID: 419682}
  m_Father: {fileID: 462620}
  m_RootOrder: 0
--- !u!4 &425682
Transform:
  m_ObjectHideFlags: 1
  m_PrefabParentObject: {fileID: 0}
  m_PrefabInternal: {fileID: 100100000}
  m_GameObject: {fileID: 169094}
  m_LocalRotation: {x: 0.033022426, y: 0.9975426, z: 0.00846023, w: 0.061210893}
  m_LocalPosition: {x: 0.11072014, y: 0.0001506419, z: 0.08737861}
  m_LocalScale: {x: 1, y: 1.0000001, z: 1}
  m_LocalEulerAnglesHint: {x: -0.7355, y: 172.95259, z: 3.8372998}
  m_Children:
  - {fileID: 416800}
  m_Father: {fileID: 458098}
  m_RootOrder: 0
--- !u!4 &426474
Transform:
  m_ObjectHideFlags: 1
  m_PrefabParentObject: {fileID: 0}
  m_PrefabInternal: {fileID: 100100000}
  m_GameObject: {fileID: 151820}
  m_LocalRotation: {x: 8.6726404e-10, y: 0.0000000073999327, z: -0.11640221, w: 0.9932022}
  m_LocalPosition: {x: -0.03238708, y: 0, z: -0.000000015258788}
  m_LocalScale: {x: 1, y: 1, z: 1}
  m_LocalEulerAnglesHint: {x: 0, y: 0, z: -13.3689995}
  m_Children:
  - {fileID: 478410}
  m_Father: {fileID: 457412}
  m_RootOrder: 0
--- !u!4 &427226
Transform:
  m_ObjectHideFlags: 1
  m_PrefabParentObject: {fileID: 0}
  m_PrefabInternal: {fileID: 100100000}
  m_GameObject: {fileID: 150022}
  m_LocalRotation: {x: -0.67631185, y: -0.08256602, z: 0.7265792, w: -0.08870081}
  m_LocalPosition: {x: 0.018532835, y: 0.0046454007, z: 0.079907306}
  m_LocalScale: {x: 0.99999994, y: 1.0000001, z: 1}
  m_LocalEulerAnglesHint: {x: 13.8842, y: -85.772095, z: -178.9839}
  m_Children:
  - {fileID: 435316}
  m_Father: {fileID: 481160}
  m_RootOrder: 1
--- !u!4 &427304
Transform:
  m_ObjectHideFlags: 1
  m_PrefabParentObject: {fileID: 0}
  m_PrefabInternal: {fileID: 100100000}
  m_GameObject: {fileID: 176006}
  m_LocalRotation: {x: -9.313226e-10, y: 0.0000000018626454, z: -0.000000007450581,
    w: 1}
  m_LocalPosition: {x: -0.1319259, y: -0.00013894652, z: -0.000000003814697}
  m_LocalScale: {x: 0.99999994, y: 1, z: 0.9999999}
  m_LocalEulerAnglesHint: {x: 0, y: 0, z: 0}
  m_Children: []
  m_Father: {fileID: 435836}
  m_RootOrder: 0
--- !u!4 &428638
Transform:
  m_ObjectHideFlags: 1
  m_PrefabParentObject: {fileID: 0}
  m_PrefabInternal: {fileID: 100100000}
  m_GameObject: {fileID: 133960}
  m_LocalRotation: {x: -6.3414975e-11, y: -0.0000000037247507, z: -0.017022828, w: 0.9998551}
  m_LocalPosition: {x: -0.024347136, y: 0, z: 0}
  m_LocalScale: {x: 0.99999994, y: 0.99999994, z: 0.99999994}
  m_LocalEulerAnglesHint: {x: 0, y: 0, z: -1.9508}
  m_Children: []
  m_Father: {fileID: 411736}
  m_RootOrder: 0
--- !u!4 &430150
Transform:
  m_ObjectHideFlags: 1
  m_PrefabParentObject: {fileID: 0}
  m_PrefabInternal: {fileID: 100100000}
  m_GameObject: {fileID: 109398}
  m_LocalRotation: {x: -0.000000007715749, y: -0.000000014765602, z: -0.01787499,
    w: 0.99984026}
  m_LocalPosition: {x: -0.034926817, y: -0.000000030517576, z: 0}
  m_LocalScale: {x: 1, y: 1, z: 1}
  m_LocalEulerAnglesHint: {x: 0, y: 0, z: -2.0485}
  m_Children: []
  m_Father: {fileID: 438658}
  m_RootOrder: 0
--- !u!4 &430510
Transform:
  m_ObjectHideFlags: 1
  m_PrefabParentObject: {fileID: 0}
  m_PrefabInternal: {fileID: 100100000}
  m_GameObject: {fileID: 102900}
  m_LocalRotation: {x: 0.02464888, y: -0.14999141, z: 0.9680472, w: 0.1994484}
  m_LocalPosition: {x: -0.09323345, y: -0.10405136, z: -0.10123847}
  m_LocalScale: {x: 1, y: 1.0000001, z: 1}
  m_LocalEulerAnglesHint: {x: 17.4714, y: -0.7274, z: 156.6046}
  m_Children:
  - {fileID: 459318}
  m_Father: {fileID: 445408}
  m_RootOrder: 11
--- !u!4 &432086
Transform:
  m_ObjectHideFlags: 1
  m_PrefabParentObject: {fileID: 0}
  m_PrefabInternal: {fileID: 100100000}
  m_GameObject: {fileID: 107100}
  m_LocalRotation: {x: -0.7071068, y: 0, z: -0, w: 0.7071068}
  m_LocalPosition: {x: 0, y: 1.1999999, z: 0.69}
  m_LocalScale: {x: 1, y: 1, z: 1}
  m_LocalEulerAnglesHint: {x: -90, y: 0, z: 0}
  m_Children: []
  m_Father: {fileID: 439894}
  m_RootOrder: 3
--- !u!4 &432302
Transform:
  m_ObjectHideFlags: 1
  m_PrefabParentObject: {fileID: 0}
  m_PrefabInternal: {fileID: 100100000}
  m_GameObject: {fileID: 162244}
  m_LocalRotation: {x: 0.00000070359926, y: -0.00000069679396, z: 0.99998796, w: -0.004907032}
  m_LocalPosition: {x: -0.069319636, y: 0.112448215, z: -0.00000023484229}
  m_LocalScale: {x: 1, y: 1, z: 1}
  m_LocalEulerAnglesHint: {x: 0.0001, y: 0.0001, z: -179.4377}
  m_Children:
  - {fileID: 447788}
  m_Father: {fileID: 445408}
  m_RootOrder: 6
--- !u!4 &432490
Transform:
  m_ObjectHideFlags: 1
  m_PrefabParentObject: {fileID: 0}
  m_PrefabInternal: {fileID: 100100000}
  m_GameObject: {fileID: 104676}
  m_LocalRotation: {x: 0.0071801664, y: 0.13789934, z: 0.98919094, w: -0.049330786}
  m_LocalPosition: {x: -0.09549029, y: 0.10532515, z: -0.10061239}
  m_LocalScale: {x: 1, y: 1.0000001, z: 1}
  m_LocalEulerAnglesHint: {x: -15.8741, y: 0.0357, z: -174.295}
  m_Children:
  - {fileID: 413814}
  m_Father: {fileID: 445408}
  m_RootOrder: 3
--- !u!4 &432744
Transform:
  m_ObjectHideFlags: 1
  m_PrefabParentObject: {fileID: 0}
  m_PrefabInternal: {fileID: 100100000}
  m_GameObject: {fileID: 151180}
  m_LocalRotation: {x: -0.000000036447883, y: 0.00000004536224, z: -0.017874997, w: 0.99984026}
  m_LocalPosition: {x: -0.034926876, y: -0.000000030517576, z: 0}
  m_LocalScale: {x: 1, y: 0.99999994, z: 1}
  m_LocalEulerAnglesHint: {x: 0, y: 0, z: -2.0485}
  m_Children: []
  m_Father: {fileID: 485774}
  m_RootOrder: 0
--- !u!4 &433488
Transform:
  m_ObjectHideFlags: 1
  m_PrefabParentObject: {fileID: 0}
  m_PrefabInternal: {fileID: 100100000}
  m_GameObject: {fileID: 103812}
  m_LocalRotation: {x: 0.038901355, y: 0.003971785, z: -0.003615842, w: 0.99922866}
  m_LocalPosition: {x: -0.10086682, y: -0.00012316894, z: -0.0000096168515}
  m_LocalScale: {x: 0.99999994, y: 0.99999994, z: 0.99999994}
  m_LocalEulerAnglesHint: {x: 4.4605, y: 0.44, z: -0.39749998}
  m_Children:
  - {fileID: 446794}
  m_Father: {fileID: 423052}
  m_RootOrder: 0
--- !u!4 &435316
Transform:
  m_ObjectHideFlags: 1
  m_PrefabParentObject: {fileID: 0}
  m_PrefabInternal: {fileID: 100100000}
  m_GameObject: {fileID: 174078}
  m_LocalRotation: {x: 0.07616079, y: -0.22909276, z: -0.058313824, w: 0.9686669}
  m_LocalPosition: {x: -0.11359216, y: 0, z: 0}
  m_LocalScale: {x: 1.0000002, y: 1.0000001, z: 1.0000001}
  m_LocalEulerAnglesHint: {x: 6.94, y: -27.1327, z: -8.5667}
  m_Children:
  - {fileID: 404446}
  m_Father: {fileID: 427226}
  m_RootOrder: 0
--- !u!4 &435836
Transform:
  m_ObjectHideFlags: 1
  m_PrefabParentObject: {fileID: 0}
  m_PrefabInternal: {fileID: 100100000}
  m_GameObject: {fileID: 194558}
  m_LocalRotation: {x: -0.053817958, y: 0.68924665, z: 0.7182401, w: 0.078573786}
  m_LocalPosition: {x: -0.08117303, y: -0.017519178, z: 0.16353306}
  m_LocalScale: {x: 1, y: 1.0000001, z: 1}
  m_LocalEulerAnglesHint: {x: -86.9104, y: 35.1185, z: 134.1343}
  m_Children:
  - {fileID: 427304}
  m_Father: {fileID: 445408}
  m_RootOrder: 7
--- !u!4 &436618
Transform:
  m_ObjectHideFlags: 1
  m_PrefabParentObject: {fileID: 0}
  m_PrefabInternal: {fileID: 100100000}
  m_GameObject: {fileID: 191872}
  m_LocalRotation: {x: 0.0000000011707472, y: 2.910383e-11, z: 1.1641532e-10, w: 1}
  m_LocalPosition: {x: -0.06897937, y: -0.00011518859, z: -0.000000003814697}
  m_LocalScale: {x: 1, y: 0.99999994, z: 1}
  m_LocalEulerAnglesHint: {x: 0, y: 0, z: 0}
  m_Children: []
  m_Father: {fileID: 414932}
  m_RootOrder: 0
--- !u!4 &437462
Transform:
  m_ObjectHideFlags: 1
  m_PrefabParentObject: {fileID: 0}
  m_PrefabInternal: {fileID: 100100000}
  m_GameObject: {fileID: 175730}
  m_LocalRotation: {x: 0.00000014104022, y: -0.00000049405236, z: 0.96705914, w: 0.2545518}
  m_LocalPosition: {x: -0.09440264, y: -0.113589704, z: 0.00000016069411}
  m_LocalScale: {x: 1, y: 1, z: 1}
  m_LocalEulerAnglesHint: {x: 0.0001, y: 0, z: 150.50589}
  m_Children:
  - {fileID: 400774}
  - {fileID: 475804}
  m_Father: {fileID: 445408}
  m_RootOrder: 2
--- !u!4 &438658
Transform:
  m_ObjectHideFlags: 1
  m_PrefabParentObject: {fileID: 0}
  m_PrefabInternal: {fileID: 100100000}
  m_GameObject: {fileID: 109602}
  m_LocalRotation: {x: 0.0000000050643307, y: -0.00000001587162, z: -0.15416136, w: 0.9880457}
  m_LocalPosition: {x: -0.027305784, y: -0.00000006103515, z: 0}
  m_LocalScale: {x: 0.99999994, y: 1, z: 1}
  m_LocalEulerAnglesHint: {x: 0, y: 0, z: -17.7363}
  m_Children:
  - {fileID: 430150}
  m_Father: {fileID: 413214}
  m_RootOrder: 0
--- !u!4 &439894
Transform:
  m_ObjectHideFlags: 1
  m_PrefabParentObject: {fileID: 0}
  m_PrefabInternal: {fileID: 100100000}
  m_GameObject: {fileID: 129178}
  m_LocalRotation: {x: 0, y: 0, z: 0, w: 1}
  m_LocalPosition: {x: 0, y: 0, z: 0}
  m_LocalScale: {x: 1, y: 1, z: 1}
  m_LocalEulerAnglesHint: {x: 0, y: 0, z: 0}
  m_Children:
  - {fileID: 448986}
  - {fileID: 452448}
  - {fileID: 457942}
  - {fileID: 432086}
  - {fileID: 467360}
  - {fileID: 477798}
  m_Father: {fileID: 0}
  m_RootOrder: 0
--- !u!4 &441764
Transform:
  m_ObjectHideFlags: 1
  m_PrefabParentObject: {fileID: 0}
  m_PrefabInternal: {fileID: 100100000}
  m_GameObject: {fileID: 191246}
  m_LocalRotation: {x: 0.682623, y: -0.38986826, z: 0.18079442, w: 0.5910515}
  m_LocalPosition: {x: -0.021897918, y: 0.017698606, z: -0.04655984}
  m_LocalScale: {x: 1.0000005, y: 1.0000004, z: 1}
  m_LocalEulerAnglesHint: {x: 71.4242, y: -137.7873, z: -89.518295}
  m_Children:
  - {fileID: 485774}
  m_Father: {fileID: 466746}
  m_RootOrder: 0
--- !u!4 &442696
Transform:
  m_ObjectHideFlags: 1
  m_PrefabParentObject: {fileID: 0}
  m_PrefabInternal: {fileID: 100100000}
  m_GameObject: {fileID: 169178}
  m_LocalRotation: {x: 0.005564251, y: 0.037397146, z: -0.058188524, w: 0.9975894}
  m_LocalPosition: {x: -0.096874505, y: -0.008685546, z: -0.012450324}
  m_LocalScale: {x: 1, y: 1.0000002, z: 1}
  m_LocalEulerAnglesHint: {x: 0.88549995, y: 4.2423, z: -6.6436996}
  m_Children:
  - {fileID: 446286}
  m_Father: {fileID: 480208}
  m_RootOrder: 3
--- !u!4 &443906
Transform:
  m_ObjectHideFlags: 1
  m_PrefabParentObject: {fileID: 0}
  m_PrefabInternal: {fileID: 100100000}
  m_GameObject: {fileID: 104530}
  m_LocalRotation: {x: 0.05404504, y: 0.20590763, z: 0.97657824, w: -0.03124259}
  m_LocalPosition: {x: -0.047731016, y: 0.085219726, z: -0.11790055}
  m_LocalScale: {x: 0.99999994, y: 1, z: 1}
  m_LocalEulerAnglesHint: {x: -23.9254, y: 5.8201, z: -177.5694}
  m_Children:
  - {fileID: 408728}
  m_Father: {fileID: 445408}
  m_RootOrder: 5
--- !u!4 &445408
Transform:
  m_ObjectHideFlags: 1
  m_PrefabParentObject: {fileID: 0}
  m_PrefabInternal: {fileID: 100100000}
  m_GameObject: {fileID: 125138}
  m_LocalRotation: {x: -0.5, y: 0.5, z: 0.4999993, w: 0.5000007}
  m_LocalPosition: {x: 0, y: 0, z: 0}
  m_LocalScale: {x: 1, y: 1, z: 1}
  m_LocalEulerAnglesHint: {x: -90, y: 89.9999, z: 0}
  m_Children:
  - {fileID: 415698}
  - {fileID: 423052}
  - {fileID: 437462}
  - {fileID: 432490}
  - {fileID: 413058}
  - {fileID: 443906}
  - {fileID: 432302}
  - {fileID: 435836}
  - {fileID: 406800}
  - {fileID: 458098}
  - {fileID: 496496}
  - {fileID: 430510}
  m_Father: {fileID: 448986}
  m_RootOrder: 0
--- !u!4 &446286
Transform:
  m_ObjectHideFlags: 1
  m_PrefabParentObject: {fileID: 0}
  m_PrefabInternal: {fileID: 100100000}
  m_GameObject: {fileID: 125156}
  m_LocalRotation: {x: 0.000000014887076, y: 6.47796e-10, z: 0.04347285, w: 0.9990546}
  m_LocalPosition: {x: -0.023558225, y: 0, z: 0.000000007629394}
  m_LocalScale: {x: 0.9999999, y: 0.9999999, z: 0.9999999}
  m_LocalEulerAnglesHint: {x: 0, y: 0, z: 4.9832}
  m_Children:
  - {fileID: 471290}
  m_Father: {fileID: 442696}
  m_RootOrder: 0
--- !u!4 &446340
Transform:
  m_ObjectHideFlags: 1
  m_PrefabParentObject: {fileID: 0}
  m_PrefabInternal: {fileID: 100100000}
  m_GameObject: {fileID: 171862}
  m_LocalRotation: {x: -0.000000015454313, y: 0.000000015454313, z: -0.7071068, w: 0.7071068}
  m_LocalPosition: {x: -0.10242983, y: 0.12362758, z: 0}
  m_LocalScale: {x: 1, y: 1, z: 1}
  m_LocalEulerAnglesHint: {x: 0, y: 0, z: -90}
  m_Children: []
  m_Father: {fileID: 412400}
  m_RootOrder: 0
--- !u!4 &446794
Transform:
  m_ObjectHideFlags: 1
  m_PrefabParentObject: {fileID: 0}
  m_PrefabInternal: {fileID: 100100000}
  m_GameObject: {fileID: 143184}
  m_LocalRotation: {x: 4.656613e-10, y: -0.0000000018626451, z: 8.6736174e-19, w: 1}
  m_LocalPosition: {x: -0.15518792, y: -0.00012341308, z: 0.000000015258788}
  m_LocalScale: {x: 1, y: 1, z: 0.9999999}
  m_LocalEulerAnglesHint: {x: 0, y: 0, z: 0}
  m_Children: []
  m_Father: {fileID: 433488}
  m_RootOrder: 0
--- !u!4 &447134
Transform:
  m_ObjectHideFlags: 1
  m_PrefabParentObject: {fileID: 0}
  m_PrefabInternal: {fileID: 100100000}
  m_GameObject: {fileID: 176566}
  m_LocalRotation: {x: 0.000000008540593, y: 0.000000004358738, z: -0.035193726, w: 0.9993805}
  m_LocalPosition: {x: -0.028354337, y: 0.0000001220703, z: -0.000000007629394}
  m_LocalScale: {x: 1, y: 1.0000001, z: 1.0000001}
  m_LocalEulerAnglesHint: {x: 0, y: 0, z: -4.0338}
  m_Children: []
  m_Father: {fileID: 420892}
  m_RootOrder: 0
--- !u!4 &447788
Transform:
  m_ObjectHideFlags: 1
  m_PrefabParentObject: {fileID: 0}
  m_PrefabInternal: {fileID: 100100000}
  m_GameObject: {fileID: 176258}
  m_LocalRotation: {x: 9.8962505e-14, y: -8.881784e-16, z: 8.789636e-29, w: 1}
  m_LocalPosition: {x: -0.20080559, y: -0.00019407652, z: -4.768371e-10}
  m_LocalScale: {x: 1, y: 1, z: 1}
  m_LocalEulerAnglesHint: {x: 0, y: 0, z: 0}
  m_Children: []
  m_Father: {fileID: 432302}
  m_RootOrder: 0
--- !u!4 &448986
Transform:
  m_ObjectHideFlags: 1
  m_PrefabParentObject: {fileID: 0}
  m_PrefabInternal: {fileID: 100100000}
  m_GameObject: {fileID: 161266}
  m_LocalRotation: {x: -0.50000036, y: 0.49999964, z: 0.49999964, w: 0.50000036}
  m_LocalPosition: {x: -0.0026675418, y: 0.9659353, z: 0.007888065}
  m_LocalScale: {x: 1, y: 1, z: 1}
  m_LocalEulerAnglesHint: {x: -90, y: 89.9999, z: 0}
  m_Children:
  - {fileID: 445408}
  m_Father: {fileID: 439894}
  m_RootOrder: 0
--- !u!4 &451376
Transform:
  m_ObjectHideFlags: 1
  m_PrefabParentObject: {fileID: 0}
  m_PrefabInternal: {fileID: 100100000}
  m_GameObject: {fileID: 125738}
  m_LocalRotation: {x: -0.00009756536, y: -0.000000029801596, z: -0.0000000074534885,
    w: 1}
  m_LocalPosition: {x: -0.094217, y: 0.000000007629394, z: 0.0000001220703}
  m_LocalScale: {x: 1, y: 0.9999999, z: 1}
  m_LocalEulerAnglesHint: {x: -0.0112, y: 0, z: 0}
  m_Children:
  - {fileID: 491614}
  m_Father: {fileID: 476600}
  m_RootOrder: 0
--- !u!4 &452448
Transform:
  m_ObjectHideFlags: 1
  m_PrefabParentObject: {fileID: 0}
  m_PrefabInternal: {fileID: 100100000}
  m_GameObject: {fileID: 120952}
  m_LocalRotation: {x: -0.7071068, y: 0, z: 0, w: 0.7071068}
  m_LocalPosition: {x: 0, y: 0, z: 0}
  m_LocalScale: {x: 1, y: 1, z: 1}
  m_LocalEulerAnglesHint: {x: -90, y: 0, z: 0}
  m_Children: []
  m_Father: {fileID: 439894}
  m_RootOrder: 1
--- !u!4 &454766
Transform:
  m_ObjectHideFlags: 1
  m_PrefabParentObject: {fileID: 0}
  m_PrefabInternal: {fileID: 100100000}
  m_GameObject: {fileID: 150386}
  m_LocalRotation: {x: 0.6763116, y: 0.082564, z: 0.7265794, w: -0.08870267}
  m_LocalPosition: {x: 0.018532835, y: 0.004645843, z: -0.079907276}
  m_LocalScale: {x: 1, y: 1.0000001, z: 1}
  m_LocalEulerAnglesHint: {x: -13.8842, y: 85.771996, z: -178.98349}
  m_Children:
  - {fileID: 422610}
  m_Father: {fileID: 481160}
  m_RootOrder: 2
--- !u!4 &457058
Transform:
  m_ObjectHideFlags: 1
  m_PrefabParentObject: {fileID: 0}
  m_PrefabInternal: {fileID: 100100000}
  m_GameObject: {fileID: 199458}
  m_LocalRotation: {x: -3.0117564e-14, y: -1.110223e-16, z: -3.3437213e-30, w: 1}
  m_LocalPosition: {x: -0.07876745, y: -0.00008569526, z: -2.3841856e-10}
  m_LocalScale: {x: 1, y: 1, z: 1}
  m_LocalEulerAnglesHint: {x: 0, y: 0, z: 0}
  m_Children:
  - {fileID: 465556}
  m_Father: {fileID: 458098}
  m_RootOrder: 2
--- !u!4 &457256
Transform:
  m_ObjectHideFlags: 1
  m_PrefabParentObject: {fileID: 0}
  m_PrefabInternal: {fileID: 100100000}
  m_GameObject: {fileID: 115618}
  m_LocalRotation: {x: 0.07205179, y: -0.05089138, z: 0.026427342, w: 0.9957511}
  m_LocalPosition: {x: -0.09353692, y: -0.0032598875, z: -0.0403408}
  m_LocalScale: {x: 1.0000002, y: 1, z: 0.99999946}
  m_LocalEulerAnglesHint: {x: 8.4057, y: -5.6586, z: 2.6244}
  m_Children:
  - {fileID: 420892}
  m_Father: {fileID: 466746}
  m_RootOrder: 1
--- !u!4 &457412
Transform:
  m_ObjectHideFlags: 1
  m_PrefabParentObject: {fileID: 0}
  m_PrefabInternal: {fileID: 100100000}
  m_GameObject: {fileID: 195286}
  m_LocalRotation: {x: 0.0012152224, y: 0.03548137, z: 0.055757493, w: 0.997813}
  m_LocalPosition: {x: -0.09432128, y: -0.002645996, z: 0.01484677}
  m_LocalScale: {x: 0.9999997, y: 0.9999997, z: 1.0000001}
  m_LocalEulerAnglesHint: {x: -0.087799996, y: 4.0682, z: 6.3936}
  m_Children:
  - {fileID: 426474}
  m_Father: {fileID: 480208}
  m_RootOrder: 2
--- !u!4 &457942
Transform:
  m_ObjectHideFlags: 1
  m_PrefabParentObject: {fileID: 0}
  m_PrefabInternal: {fileID: 100100000}
  m_GameObject: {fileID: 127782}
  m_LocalRotation: {x: -0.7071068, y: 0, z: -0, w: 0.7071068}
  m_LocalPosition: {x: -0.000000015258788, y: 1.1999999, z: 0.29}
  m_LocalScale: {x: 1, y: 1, z: 1}
  m_LocalEulerAnglesHint: {x: -90, y: 0, z: 0}
  m_Children: []
  m_Father: {fileID: 439894}
  m_RootOrder: 2
--- !u!4 &458098
Transform:
  m_ObjectHideFlags: 1
  m_PrefabParentObject: {fileID: 0}
  m_PrefabInternal: {fileID: 100100000}
  m_GameObject: {fileID: 102724}
  m_LocalRotation: {x: -0.000002080476, y: 0.00000069367604, z: -0.00039815903, w: 0.99999994}
  m_LocalPosition: {x: -0.11072027, y: -0.00006267309, z: 0.00000015354155}
  m_LocalScale: {x: 1, y: 1, z: 1}
  m_LocalEulerAnglesHint: {x: -0.0002, y: 0.0001, z: -0.0457}
  m_Children:
  - {fileID: 425682}
  - {fileID: 419938}
  - {fileID: 457058}
  m_Father: {fileID: 445408}
  m_RootOrder: 9
--- !u!4 &459318
Transform:
  m_ObjectHideFlags: 1
  m_PrefabParentObject: {fileID: 0}
  m_PrefabInternal: {fileID: 100100000}
  m_GameObject: {fileID: 190344}
  m_LocalRotation: {x: 0.000000010011719, y: 0.0000000051222746, z: -5.128277e-17,
    w: 1}
  m_LocalPosition: {x: -0.10393194, y: -0.00014160156, z: -0.000000003814697}
  m_LocalScale: {x: 0.99999994, y: 0.99999994, z: 1}
  m_LocalEulerAnglesHint: {x: 0, y: 0, z: 0}
  m_Children:
  - {fileID: 465764}
  m_Father: {fileID: 430510}
  m_RootOrder: 0
--- !u!4 &462620
Transform:
  m_ObjectHideFlags: 1
  m_PrefabParentObject: {fileID: 0}
  m_PrefabInternal: {fileID: 100100000}
  m_GameObject: {fileID: 173056}
  m_LocalRotation: {x: -0.001215222, y: -0.035481375, z: 0.055757515, w: 0.997813}
  m_LocalPosition: {x: -0.09432119, y: -0.002646118, z: -0.01484677}
  m_LocalScale: {x: 0.99999964, y: 0.99999964, z: 1}
  m_LocalEulerAnglesHint: {x: 0.087799996, y: -4.0682, z: 6.3936}
  m_Children:
  - {fileID: 423510}
  m_Father: {fileID: 466746}
  m_RootOrder: 2
--- !u!4 &465556
Transform:
  m_ObjectHideFlags: 1
  m_PrefabParentObject: {fileID: 0}
  m_PrefabInternal: {fileID: 100100000}
  m_GameObject: {fileID: 178924}
  m_LocalRotation: {x: -8.355985e-14, y: -0.00000017309834, z: 0.06240926, w: 0.99805063}
  m_LocalPosition: {x: -0.107596554, y: -0.00018983458, z: -7.152557e-10}
  m_LocalScale: {x: 1, y: 1, z: 1}
  m_LocalEulerAnglesHint: {x: 0, y: 0, z: 7.1562}
  m_Children:
  - {fileID: 481160}
  m_Father: {fileID: 457058}
  m_RootOrder: 0
--- !u!4 &465764
Transform:
  m_ObjectHideFlags: 1
  m_PrefabParentObject: {fileID: 0}
  m_PrefabInternal: {fileID: 100100000}
  m_GameObject: {fileID: 106262}
  m_LocalRotation: {x: 0.000000010011719, y: 0.0000000051222746, z: -5.128277e-17,
    w: 1}
  m_LocalPosition: {x: -0.17776214, y: -0.00013336181, z: -0.000000003814697}
  m_LocalScale: {x: 0.99999994, y: 0.99999994, z: 1}
  m_LocalEulerAnglesHint: {x: 0, y: 0, z: 0}
  m_Children: []
  m_Father: {fileID: 459318}
  m_RootOrder: 0
--- !u!4 &466746
Transform:
  m_ObjectHideFlags: 1
  m_PrefabParentObject: {fileID: 0}
  m_PrefabInternal: {fileID: 100100000}
  m_GameObject: {fileID: 188378}
  m_LocalRotation: {x: -0.70333076, y: -0.0702536, z: -0.07019768, w: 0.70389104}
  m_LocalPosition: {x: -0.28265086, y: 0, z: -0.0000001220703}
  m_LocalScale: {x: 1, y: 1, z: 1.0000001}
  m_LocalEulerAnglesHint: {x: -89.955696, y: -11.3994, z: 0}
  m_Children:
  - {fileID: 441764}
  - {fileID: 457256}
  - {fileID: 462620}
  - {fileID: 406526}
  - {fileID: 497192}
  - {fileID: 403888}
  m_Father: {fileID: 404446}
  m_RootOrder: 1
--- !u!4 &467360
Transform:
  m_ObjectHideFlags: 1
  m_PrefabParentObject: {fileID: 0}
  m_PrefabInternal: {fileID: 100100000}
  m_GameObject: {fileID: 185360}
  m_LocalRotation: {x: -0.7071068, y: 0, z: 0, w: 0.7071068}
  m_LocalPosition: {x: 0, y: 1.26, z: 0.66}
  m_LocalScale: {x: 1, y: 1, z: 1}
  m_LocalEulerAnglesHint: {x: -90, y: 0, z: 0}
  m_Children: []
  m_Father: {fileID: 439894}
  m_RootOrder: 4
--- !u!4 &468034
Transform:
  m_ObjectHideFlags: 1
  m_PrefabParentObject: {fileID: 0}
  m_PrefabInternal: {fileID: 100100000}
  m_GameObject: {fileID: 101642}
  m_LocalRotation: {x: -0.00000000369641, y: -4.629705e-10, z: 0.124277696, w: 0.9922475}
  m_LocalPosition: {x: -0.22527285, y: -0.000000007629394, z: 0.0000001220703}
  m_LocalScale: {x: 0.99999976, y: 1, z: 0.99999994}
  m_LocalEulerAnglesHint: {x: 0, y: 0, z: 14.2781}
  m_Children:
  - {fileID: 476600}
  - {fileID: 480208}
  m_Father: {fileID: 422610}
  m_RootOrder: 0
--- !u!4 &470752
Transform:
  m_ObjectHideFlags: 1
  m_PrefabParentObject: {fileID: 0}
  m_PrefabInternal: {fileID: 100100000}
  m_GameObject: {fileID: 147030}
  m_LocalRotation: {x: 0.0000000027939677, y: -9.313226e-10, z: 2.6020852e-18, w: 1}
  m_LocalPosition: {x: -0.17775297, y: -0.00013256836, z: -0.000000015258788}
  m_LocalScale: {x: 1, y: 1, z: 0.99999994}
  m_LocalEulerAnglesHint: {x: 0, y: 0, z: 0}
  m_Children: []
  m_Father: {fileID: 474740}
  m_RootOrder: 0
--- !u!4 &471290
Transform:
  m_ObjectHideFlags: 1
  m_PrefabParentObject: {fileID: 0}
  m_PrefabInternal: {fileID: 100100000}
  m_GameObject: {fileID: 102514}
  m_LocalRotation: {x: -0.000000011290969, y: -0.000000003360341, z: -0.03247924,
    w: 0.99947244}
  m_LocalPosition: {x: -0.03172235, y: 0, z: -0.000000015258788}
  m_LocalScale: {x: 1, y: 1, z: 1}
  m_LocalEulerAnglesHint: {x: 0, y: 0, z: -3.7224998}
  m_Children: []
  m_Father: {fileID: 446286}
  m_RootOrder: 0
--- !u!4 &473784
Transform:
  m_ObjectHideFlags: 1
  m_PrefabParentObject: {fileID: 0}
  m_PrefabInternal: {fileID: 100100000}
  m_GameObject: {fileID: 120560}
  m_LocalRotation: {x: 3.3283074e-10, y: 0.0000000074431425, z: -0.044671785, w: 0.99900174}
  m_LocalPosition: {x: -0.01718103, y: -0.0000001220703, z: 0}
  m_LocalScale: {x: 1, y: 1, z: 0.99999994}
  m_LocalEulerAnglesHint: {x: 0, y: 0, z: -5.1207}
  m_Children:
  - {fileID: 484392}
  m_Father: {fileID: 486116}
  m_RootOrder: 0
--- !u!4 &474186
Transform:
  m_ObjectHideFlags: 1
  m_PrefabParentObject: {fileID: 0}
  m_PrefabInternal: {fileID: 100100000}
  m_GameObject: {fileID: 154804}
  m_LocalRotation: {x: 0.99950176, y: -0.000000072998866, z: -0.00000004889461, w: 0.031563852}
  m_LocalPosition: {x: -0.089964315, y: 0.01618811, z: -0.0011032256}
  m_LocalScale: {x: 1.0000001, y: 1.0000004, z: 0.9999999}
  m_LocalEulerAnglesHint: {x: 3.6176, y: -180, z: -180}
  m_Children: []
  m_Father: {fileID: 480208}
  m_RootOrder: 5
--- !u!4 &474740
Transform:
  m_ObjectHideFlags: 1
  m_PrefabParentObject: {fileID: 0}
  m_PrefabInternal: {fileID: 100100000}
  m_GameObject: {fileID: 153106}
  m_LocalRotation: {x: 0.008672228, y: 0.0054862066, z: -0.004869833, w: 0.9999355}
  m_LocalPosition: {x: -0.10412432, y: -0.00014147948, z: -0.0000024490355}
  m_LocalScale: {x: 1, y: 0.9999999, z: 0.99999994}
  m_LocalEulerAnglesHint: {x: 0.99679995, y: 0.6239, z: -0.55259997}
  m_Children:
  - {fileID: 470752}
  m_Father: {fileID: 415698}
  m_RootOrder: 0
--- !u!4 &475804
Transform:
  m_ObjectHideFlags: 1
  m_PrefabParentObject: {fileID: 0}
  m_PrefabInternal: {fileID: 100100000}
  m_GameObject: {fileID: 132382}
  m_LocalRotation: {x: 0.05447498, y: -0.40008706, z: 0.07214121, w: 0.912008}
  m_LocalPosition: {x: -0.011994567, y: 0.043631773, z: -0.24544671}
  m_LocalScale: {x: 1.0000001, y: 1.0000002, z: 0.9999999}
  m_LocalEulerAnglesHint: {x: 9.038, y: -46.9687, z: 5.112}
  m_Children: []
  m_Father: {fileID: 437462}
  m_RootOrder: 1
--- !u!4 &476600
Transform:
  m_ObjectHideFlags: 1
  m_PrefabParentObject: {fileID: 0}
  m_PrefabInternal: {fileID: 100100000}
  m_GameObject: {fileID: 132476}
  m_LocalRotation: {x: -0.00009756163, y: 0, z: -0, w: 1}
  m_LocalPosition: {x: 0, y: 0, z: 0}
  m_LocalScale: {x: 0.99999994, y: 1, z: 1}
  m_LocalEulerAnglesHint: {x: -0.0112, y: 0, z: 0}
  m_Children:
  - {fileID: 451376}
  m_Father: {fileID: 468034}
  m_RootOrder: 0
--- !u!4 &477798
Transform:
  m_ObjectHideFlags: 1
  m_PrefabParentObject: {fileID: 0}
  m_PrefabInternal: {fileID: 100100000}
  m_GameObject: {fileID: 177764}
  m_LocalRotation: {x: 0, y: 0, z: 0, w: 1}
  m_LocalPosition: {x: 0, y: 2.08, z: -0.48}
  m_LocalScale: {x: 1, y: 1, z: 1}
  m_LocalEulerAnglesHint: {x: 0, y: 0, z: 0}
  m_Children: []
  m_Father: {fileID: 439894}
  m_RootOrder: 5
--- !u!4 &478410
Transform:
  m_ObjectHideFlags: 1
  m_PrefabParentObject: {fileID: 0}
  m_PrefabInternal: {fileID: 100100000}
  m_GameObject: {fileID: 173246}
  m_LocalRotation: {x: -0.000000010581391, y: -0.000000008273174, z: 0.07550765, w: 0.99714524}
  m_LocalPosition: {x: -0.03314627, y: 0, z: 0.000000015258788}
  m_LocalScale: {x: 1, y: 0.99999994, z: 1}
  m_LocalEulerAnglesHint: {x: 0, y: 0, z: 8.6608}
  m_Children: []
  m_Father: {fileID: 426474}
  m_RootOrder: 0
--- !u!4 &480208
Transform:
  m_ObjectHideFlags: 1
  m_PrefabParentObject: {fileID: 0}
  m_PrefabInternal: {fileID: 100100000}
  m_GameObject: {fileID: 130156}
  m_LocalRotation: {x: 0.70333076, y: 0.0702536, z: -0.070197694, w: 0.70389104}
  m_LocalPosition: {x: -0.2826509, y: 0.000000015258788, z: 0.0000001220703}
  m_LocalScale: {x: 0.99999994, y: 1, z: 1}
  m_LocalEulerAnglesHint: {x: 89.955795, y: 11.3993, z: 0}
  m_Children:
  - {fileID: 413214}
  - {fileID: 414192}
  - {fileID: 457412}
  - {fileID: 442696}
  - {fileID: 486116}
  - {fileID: 474186}
  m_Father: {fileID: 468034}
  m_RootOrder: 1
--- !u!4 &480396
Transform:
  m_ObjectHideFlags: 1
  m_PrefabParentObject: {fileID: 0}
  m_PrefabInternal: {fileID: 100100000}
  m_GameObject: {fileID: 148208}
  m_LocalRotation: {x: -0.000000006599953, y: -0.0000000015526727, z: -0.047228377,
    w: 0.99888414}
  m_LocalPosition: {x: -0.026135253, y: 0, z: 0}
  m_LocalScale: {x: 1, y: 1, z: 1}
  m_LocalEulerAnglesHint: {x: 0, y: 0, z: -5.414}
  m_Children:
  - {fileID: 488060}
  m_Father: {fileID: 414192}
  m_RootOrder: 0
--- !u!4 &481160
Transform:
  m_ObjectHideFlags: 1
  m_PrefabParentObject: {fileID: 0}
  m_PrefabInternal: {fileID: 100100000}
  m_GameObject: {fileID: 179282}
  m_LocalRotation: {x: 3.3312017e-14, y: 0.00000033501306, z: -0.120786354, w: 0.9926785}
  m_LocalPosition: {x: -0.24030076, y: -0.000050643917, z: -2.3841856e-10}
  m_LocalScale: {x: 1.0000001, y: 1.0000001, z: 1}
  m_LocalEulerAnglesHint: {x: 0, y: 0, z: -13.875}
  m_Children:
  - {fileID: 486628}
  - {fileID: 427226}
  - {fileID: 454766}
  m_Father: {fileID: 465556}
  m_RootOrder: 0
--- !u!4 &484392
Transform:
  m_ObjectHideFlags: 1
  m_PrefabParentObject: {fileID: 0}
  m_PrefabInternal: {fileID: 100100000}
  m_GameObject: {fileID: 113948}
  m_LocalRotation: {x: -0.0000000037881653, y: -0.0000000036613357, z: -0.017022813,
    w: 0.9998551}
  m_LocalPosition: {x: -0.024347197, y: 0, z: -0.000000015258788}
  m_LocalScale: {x: 0.99999994, y: 1.0000001, z: 1}
  m_LocalEulerAnglesHint: {x: 0, y: 0, z: -1.9508}
  m_Children: []
  m_Father: {fileID: 473784}
  m_RootOrder: 0
--- !u!4 &485774
Transform:
  m_ObjectHideFlags: 1
  m_PrefabParentObject: {fileID: 0}
  m_PrefabInternal: {fileID: 100100000}
  m_GameObject: {fileID: 125508}
  m_LocalRotation: {x: 0.000000014723027, y: -0.000000002297184, z: -0.15416141, w: 0.9880457}
  m_LocalPosition: {x: -0.027305845, y: -0.000000030517576, z: 0}
  m_LocalScale: {x: 0.9999999, y: 1, z: 1}
  m_LocalEulerAnglesHint: {x: 0, y: 0, z: -17.7363}
  m_Children:
  - {fileID: 432744}
  m_Father: {fileID: 441764}
  m_RootOrder: 0
--- !u!4 &486116
Transform:
  m_ObjectHideFlags: 1
  m_PrefabParentObject: {fileID: 0}
  m_PrefabInternal: {fileID: 100100000}
  m_GameObject: {fileID: 164654}
  m_LocalRotation: {x: 0.0028962805, y: 0.028394163, z: -0.009031032, w: 0.99955183}
  m_LocalPosition: {x: -0.09277755, y: -0.0047355955, z: -0.038143285}
  m_LocalScale: {x: 1.0000002, y: 1.0000002, z: 1.0000001}
  m_LocalEulerAnglesHint: {x: 0.3611, y: 3.2510998, z: -1.0251}
  m_Children:
  - {fileID: 473784}
  m_Father: {fileID: 480208}
  m_RootOrder: 4
--- !u!4 &486118
Transform:
  m_ObjectHideFlags: 1
  m_PrefabParentObject: {fileID: 0}
  m_PrefabInternal: {fileID: 100100000}
  m_GameObject: {fileID: 161164}
  m_LocalRotation: {x: 0.00009756534, y: -0.000000014900434, z: 0.0000000074520345,
    w: 1}
  m_LocalPosition: {x: 0, y: 0, z: 0}
  m_LocalScale: {x: 1, y: 1.0000001, z: 1.0000001}
  m_LocalEulerAnglesHint: {x: 0.0112, y: 0, z: 0}
  m_Children:
  - {fileID: 405848}
  m_Father: {fileID: 404446}
  m_RootOrder: 0
--- !u!4 &486628
Transform:
  m_ObjectHideFlags: 1
  m_PrefabParentObject: {fileID: 0}
  m_PrefabInternal: {fileID: 100100000}
  m_GameObject: {fileID: 133524}
  m_LocalRotation: {x: 1.860037e-13, y: 0.00000014714067, z: -0.053049743, w: 0.9985919}
  m_LocalPosition: {x: -0.09455664, y: -0.020732863, z: 0.0000000023841857}
  m_LocalScale: {x: 1, y: 1, z: 1}
  m_LocalEulerAnglesHint: {x: 0, y: 0, z: -6.0818996}
  m_Children: []
  m_Father: {fileID: 481160}
  m_RootOrder: 0
--- !u!4 &488060
Transform:
  m_ObjectHideFlags: 1
  m_PrefabParentObject: {fileID: 0}
  m_PrefabInternal: {fileID: 100100000}
  m_GameObject: {fileID: 157656}
  m_LocalRotation: {x: -0.0000000024316933, y: 0.0000000103365325, z: -0.0351937,
    w: 0.9993805}
  m_LocalPosition: {x: -0.028354367, y: 0, z: -0.000000022888182}
  m_LocalScale: {x: 0.99999994, y: 1, z: 1}
  m_LocalEulerAnglesHint: {x: 0, y: 0, z: -4.0338}
  m_Children: []
  m_Father: {fileID: 480396}
  m_RootOrder: 0
--- !u!4 &489942
Transform:
  m_ObjectHideFlags: 1
  m_PrefabParentObject: {fileID: 0}
  m_PrefabInternal: {fileID: 100100000}
  m_GameObject: {fileID: 125308}
  m_LocalRotation: {x: 0.0000000011641531, y: -4.3368083e-18, z: -0.0000000037252903,
    w: 1}
  m_LocalPosition: {x: -0.15795672, y: -0.00014508056, z: -0.000000007629394}
  m_LocalScale: {x: 1, y: 1.0000001, z: 1}
  m_LocalEulerAnglesHint: {x: 0, y: 0, z: 0}
  m_Children: []
  m_Father: {fileID: 413058}
  m_RootOrder: 0
--- !u!4 &491614
Transform:
  m_ObjectHideFlags: 1
  m_PrefabParentObject: {fileID: 0}
  m_PrefabInternal: {fileID: 100100000}
  m_GameObject: {fileID: 199180}
  m_LocalRotation: {x: -0.00009756163, y: -0.000000014900433, z: -0.000000007452034,
    w: 1}
  m_LocalPosition: {x: -0.09421691, y: -0.000000007629394, z: -0.0000001220703}
  m_LocalScale: {x: 1.0000001, y: 1, z: 1}
  m_LocalEulerAnglesHint: {x: -0.0112, y: 0, z: 0}
  m_Children: []
  m_Father: {fileID: 451376}
  m_RootOrder: 0
--- !u!4 &492046
Transform:
  m_ObjectHideFlags: 1
  m_PrefabParentObject: {fileID: 0}
  m_PrefabInternal: {fileID: 100100000}
  m_GameObject: {fileID: 141464}
  m_LocalRotation: {x: 0.09019122, y: -0.06450953, z: -0.030344231, w: 0.99336964}
  m_LocalPosition: {x: -0.3681768, y: 0, z: 0}
  m_LocalScale: {x: 1, y: 1.0000001, z: 1}
  m_LocalEulerAnglesHint: {x: 10.0945, y: -7.8012996, z: -4.1893997}
  m_Children:
  - {fileID: 406594}
  m_Father: {fileID: 421180}
  m_RootOrder: 0
--- !u!4 &495092
Transform:
  m_ObjectHideFlags: 1
  m_PrefabParentObject: {fileID: 0}
  m_PrefabInternal: {fileID: 100100000}
  m_GameObject: {fileID: 117334}
  m_LocalRotation: {x: 0.00009757094, y: 1.8174004e-13, z: 0.0000000018626451, w: 1}
  m_LocalPosition: {x: -0.09421691, y: -0.000000007629394, z: 0.0000002441406}
  m_LocalScale: {x: 1, y: 1, z: 1}
  m_LocalEulerAnglesHint: {x: 0.0112, y: 0, z: 0}
  m_Children: []
  m_Father: {fileID: 405848}
  m_RootOrder: 0
--- !u!4 &496496
Transform:
  m_ObjectHideFlags: 1
  m_PrefabParentObject: {fileID: 0}
  m_PrefabInternal: {fileID: 100100000}
  m_GameObject: {fileID: 172260}
  m_LocalRotation: {x: 0.00000051395284, y: -0.00000063190913, z: 0.99637616, w: 0.08505643}
  m_LocalPosition: {x: -0.055342525, y: -0.109201364, z: 0.00000023412703}
  m_LocalScale: {x: 1, y: 1, z: 1}
  m_LocalEulerAnglesHint: {x: 0.0001, y: 0, z: 170.2415}
  m_Children:
  - {fileID: 415526}
  m_Father: {fileID: 445408}
  m_RootOrder: 10
--- !u!4 &497192
Transform:
  m_ObjectHideFlags: 1
  m_PrefabParentObject: {fileID: 0}
  m_PrefabInternal: {fileID: 100100000}
  m_GameObject: {fileID: 189452}
  m_LocalRotation: {x: -0.002896276, y: -0.02839417, z: -0.009031003, w: 0.99955183}
  m_LocalPosition: {x: -0.09277746, y: -0.0047357175, z: 0.038143277}
  m_LocalScale: {x: 1.0000001, y: 1.0000001, z: 1}
  m_LocalEulerAnglesHint: {x: -0.3611, y: -3.2510998, z: -1.0251}
  m_Children:
  - {fileID: 411736}
  m_Father: {fileID: 466746}
  m_RootOrder: 4
--- !u!4 &499578
Transform:
  m_ObjectHideFlags: 1
  m_PrefabParentObject: {fileID: 0}
  m_PrefabInternal: {fileID: 100100000}
  m_GameObject: {fileID: 187480}
  m_LocalRotation: {x: -0.00000001844689, y: -0.0000000045315143, z: 0.043472905,
    w: 0.9990546}
  m_LocalPosition: {x: -0.023558196, y: 0, z: 0}
  m_LocalScale: {x: 0.99999994, y: 1.0000001, z: 1}
  m_LocalEulerAnglesHint: {x: 0, y: 0, z: 4.9832}
  m_Children:
  - {fileID: 499810}
  m_Father: {fileID: 406526}
  m_RootOrder: 0
--- !u!4 &499810
Transform:
  m_ObjectHideFlags: 1
  m_PrefabParentObject: {fileID: 0}
  m_PrefabInternal: {fileID: 100100000}
  m_GameObject: {fileID: 160986}
  m_LocalRotation: {x: 0.000000007809633, y: 0.000000010927986, z: -0.03247921, w: 0.99947244}
  m_LocalPosition: {x: -0.03172229, y: 0, z: 0}
  m_LocalScale: {x: 1, y: 1, z: 1.0000001}
  m_LocalEulerAnglesHint: {x: 0, y: 0, z: -3.7224998}
  m_Children: []
  m_Father: {fileID: 499578}
  m_RootOrder: 0
--- !u!95 &9580878
Animator:
  serializedVersion: 3
  m_ObjectHideFlags: 1
  m_PrefabParentObject: {fileID: 0}
  m_PrefabInternal: {fileID: 100100000}
  m_GameObject: {fileID: 129178}
  m_Enabled: 1
  m_Avatar: {fileID: 9000000, guid: d2acf2574c3161e49bb817afbfab27ba, type: 3}
  m_Controller: {fileID: 9100000, guid: f7d35fdadb959f046aec87c5429a8469, type: 2}
  m_CullingMode: 1
  m_UpdateMode: 0
  m_ApplyRootMotion: 0
  m_LinearVelocityBlending: 0
  m_WarningMessage: 
  m_HasTransformHierarchy: 1
  m_AllowConstantClipSamplingOptimization: 1
--- !u!114 &11405204
MonoBehaviour:
  m_ObjectHideFlags: 1
  m_PrefabParentObject: {fileID: 0}
  m_PrefabInternal: {fileID: 100100000}
  m_GameObject: {fileID: 129178}
  m_Enabled: 1
  m_EditorHideFlags: 0
  m_Script: {fileID: 11500000, guid: e1b4388daa4582b45817a892986eeaf2, type: 3}
  m_Name: 
  m_EditorClassIdentifier: 
--- !u!114 &11448994
MonoBehaviour:
  m_ObjectHideFlags: 1
  m_PrefabParentObject: {fileID: 0}
  m_PrefabInternal: {fileID: 100100000}
  m_GameObject: {fileID: 129178}
  m_Enabled: 1
  m_EditorHideFlags: 0
  m_Script: {fileID: 11500000, guid: 546c7a553b570964aaa676192ef60105, type: 3}
  m_Name: 
  m_EditorClassIdentifier: 
  AttributeInfoText: 
  InfoText: 
--- !u!114 &11452360
MonoBehaviour:
  m_ObjectHideFlags: 1
  m_PrefabParentObject: {fileID: 0}
  m_PrefabInternal: {fileID: 100100000}
  m_GameObject: {fileID: 129178}
  m_Enabled: 1
  m_EditorHideFlags: 0
  m_Script: {fileID: 11500000, guid: 07e97c4aa963e4d4f8581d68ba88491e, type: 3}
  m_Name: 
  m_EditorClassIdentifier: 
  HitArea: {fileID: 457942}
  HitRange: {fileID: 432086}
  PointerFocus: {fileID: 467360}
  InfoHelper: {fileID: 477798}
  SelectorSize: {x: 0, y: 0}
--- !u!114 &11457352
MonoBehaviour:
  m_ObjectHideFlags: 1
  m_PrefabParentObject: {fileID: 0}
  m_PrefabInternal: {fileID: 100100000}
  m_GameObject: {fileID: 129178}
  m_Enabled: 1
  m_EditorHideFlags: 0
  m_Script: {fileID: 11500000, guid: 5e024dbfc1f932b49994c5ffc3f85659, type: 3}
  m_Name: 
  m_EditorClassIdentifier: 
  _ID: 
  _Name: 
  _Type: 0
  _EncounterClass: 0
  MonsterSize: 0
  _Items: []
  _Magics:
    _MagicPresets: []
    MaxMagicPreset: 16
  _Skills: []
  Exp: 0
  Level: 0
  AverageAttribute: 0
  enemyType: 0
  counterData: []
  counterDataAlly: []
  _AIEncounter: []
  EncForm:
    Monster:
      ID: 
      Name: 
      Description: 
      baseExp: 0
      baseLevel: 0
      HealthModifier: 0
      IsFlying: 0
      IsAntiPhysical: 0
      IsAntiMagic: 0
      Class: 0
      Element: 0
      Projectile: 0
      MonsterSize: 0
      Weapon: 2
      Armor: 0
      EnemyType: 0
      Attribute:
        Name: 
        AttributeGrowth: []
      PrefabName: 
      EncounterBaseAttributes: []
      BattleGrowth: []
      EncounterMagics: []
      OffensiveBattleSkills: []
      EncounterItems: []
      EncounterLoots: []
      IsResistDebuff: 0
      DebuffException: 
    MonsterLvl: 0
    ReplaceHealth: 0
    HealthMonster: 0
    Position: {x: 0, y: 1}
    ReplaceAttributes: 0
    EncounterBaseAttributes: []
  ResistDebuff: 0
  ResistException: 
--- !u!114 &11497048
MonoBehaviour:
  m_ObjectHideFlags: 1
  m_PrefabParentObject: {fileID: 0}
  m_PrefabInternal: {fileID: 100100000}
  m_GameObject: {fileID: 129178}
  m_Enabled: 1
  m_EditorHideFlags: 0
  m_Script: {fileID: 11500000, guid: c5fb4975465fd4c4cad48205ec083389, type: 3}
  m_Name: 
  m_EditorClassIdentifier: 
  Slots:
  - Position: 1
    Slot: {fileID: 154804}
    Weapon: {fileID: 0}
  - Position: 0
    Slot: {fileID: 186462}
    Weapon: {fileID: 0}
  Weapons:
  - {fileID: 132278, guid: 7ba1f614953550641909e6d8894fc8cb, type: 2}
  - {fileID: 132278, guid: 7ba1f614953550641909e6d8894fc8cb, type: 2}
  UseAtStart: 1
  DefaultPutWeaponLocation:
  - Position: 1
    WeaponIndex: 0
  - Position: 0
    WeaponIndex: 1
  WeaponGameObjects: []
--- !u!137 &13785056
SkinnedMeshRenderer:
  m_ObjectHideFlags: 1
  m_PrefabParentObject: {fileID: 0}
  m_PrefabInternal: {fileID: 100100000}
  m_GameObject: {fileID: 120952}
  m_Enabled: 1
  m_CastShadows: 1
  m_ReceiveShadows: 1
  m_Materials:
  - {fileID: 2100000, guid: 32799fc3815e2d04c98c5ca75e6888bf, type: 2}
  m_SubsetIndices: 
  m_StaticBatchRoot: {fileID: 0}
  m_UseLightProbes: 1
  m_ReflectionProbeUsage: 1
  m_ProbeAnchor: {fileID: 0}
  m_ScaleInLightmap: 1
  m_PreserveUVs: 0
  m_IgnoreNormalsForChartDetection: 0
  m_ImportantGI: 0
  m_MinimumChartSize: 4
  m_AutoUVMaxDistance: 0.5
  m_AutoUVMaxAngle: 89
  m_LightmapParameters: {fileID: 0}
  m_SortingLayerID: 0
  m_SortingOrder: 0
  serializedVersion: 2
  m_Quality: 0
  m_UpdateWhenOffscreen: 0
  m_Mesh: {fileID: 4300004, guid: 9fe1750e8ee1c3e49833840dcd78b704, type: 3}
  m_Bones:
  - {fileID: 416800}
  - {fileID: 412400}
  - {fileID: 446340}
  - {fileID: 415526}
  - {fileID: 425682}
  - {fileID: 421180}
  - {fileID: 492046}
  - {fileID: 406594}
  - {fileID: 445408}
  - {fileID: 437462}
  - {fileID: 413058}
  - {fileID: 432302}
  - {fileID: 496496}
  - {fileID: 458098}
  - {fileID: 419938}
  - {fileID: 435836}
  - {fileID: 448986}
  - {fileID: 447788}
  - {fileID: 489942}
  - {fileID: 427304}
  - {fileID: 415698}
  - {fileID: 486628}
  - {fileID: 427226}
  - {fileID: 481160}
  - {fileID: 465556}
  - {fileID: 457058}
  - {fileID: 435316}
  - {fileID: 404446}
  - {fileID: 474740}
  - {fileID: 454766}
  - {fileID: 422610}
  - {fileID: 476600}
  - {fileID: 432490}
  - {fileID: 406800}
  - {fileID: 443906}
  - {fileID: 413814}
  - {fileID: 423052}
  - {fileID: 430510}
  - {fileID: 422470}
  - {fileID: 408728}
  - {fileID: 414932}
  - {fileID: 436618}
  - {fileID: 459318}
  - {fileID: 466746}
  - {fileID: 420892}
  - {fileID: 462620}
  - {fileID: 423510}
  - {fileID: 419682}
  - {fileID: 457256}
  - {fileID: 497192}
  - {fileID: 406526}
  - {fileID: 495092}
  - {fileID: 441764}
  - {fileID: 447134}
  - {fileID: 499578}
  - {fileID: 499810}
  - {fileID: 411736}
  - {fileID: 428638}
  - {fileID: 485774}
  - {fileID: 432744}
  - {fileID: 405848}
  - {fileID: 486118}
  - {fileID: 480208}
  - {fileID: 457412}
  - {fileID: 426474}
  - {fileID: 478410}
  - {fileID: 486116}
  - {fileID: 414192}
  - {fileID: 442696}
  - {fileID: 413214}
  - {fileID: 438658}
  - {fileID: 468034}
  - {fileID: 491614}
  - {fileID: 480396}
  - {fileID: 488060}
  - {fileID: 471290}
  - {fileID: 446286}
  - {fileID: 473784}
  - {fileID: 484392}
  - {fileID: 430150}
  - {fileID: 451376}
  - {fileID: 470752}
  - {fileID: 465764}
  - {fileID: 446794}
  - {fileID: 433488}
  m_BlendShapeWeights: []
  m_RootBone: {fileID: 448986}
  m_AABB:
    m_Center: {x: 0.096361205, y: -0.0026673973, z: -0.042079657}
    m_Extent: {x: 0.26111436, y: 0.77230084, z: 0.9238564}
  m_DirtyAABB: 0
--- !u!1001 &100100000
Prefab:
  m_ObjectHideFlags: 1
  serializedVersion: 2
  m_Modification:
    m_TransformParent: {fileID: 0}
    m_Modifications: []
    m_RemovedComponents: []
  m_ParentPrefab: {fileID: 0}
  m_RootGameObject: {fileID: 129178}
  m_IsPrefabParent: 1
