%YAML 1.1
%TAG !u! tag:unity3d.com,2011:
--- !u!1 &128410
GameObject:
  m_ObjectHideFlags: 0
  m_PrefabParentObject: {fileID: 0}
  m_PrefabInternal: {fileID: 100100000}
  serializedVersion: 4
  m_Component:
  - 4: {fileID: 416990}
  - 114: {fileID: 11415642}
  m_Layer: 0
  m_Name: GameObject
  m_TagString: Untagged
  m_Icon: {fileID: 0}
  m_NavMeshLayer: 0
  m_StaticEditorFlags: 0
  m_IsActive: 1
--- !u!1 &167798
GameObject:
  m_ObjectHideFlags: 0
  m_PrefabParentObject: {fileID: 0}
  m_PrefabInternal: {fileID: 100100000}
  serializedVersion: 4
  m_Component:
  - 4: {fileID: 428534}
  - 108: {fileID: 10898604}
  m_Layer: 0
  m_Name: Point light
  m_TagString: Untagged
  m_Icon: {fileID: 0}
  m_NavMeshLayer: 0
  m_StaticEditorFlags: 0
  m_IsActive: 1
--- !u!1 &198144
GameObject:
  m_ObjectHideFlags: 0
  m_PrefabParentObject: {fileID: 0}
  m_PrefabInternal: {fileID: 100100000}
  serializedVersion: 4
  m_Component:
  - 4: {fileID: 482668}
  - 114: {fileID: 11479246}
  m_Layer: 0
  m_Name: DarkArrow
  m_TagString: Untagged
  m_Icon: {fileID: 0}
  m_NavMeshLayer: 0
  m_StaticEditorFlags: 0
  m_IsActive: 1
--- !u!4 &416990
Transform:
  m_ObjectHideFlags: 1
  m_PrefabParentObject: {fileID: 0}
  m_PrefabInternal: {fileID: 100100000}
  m_GameObject: {fileID: 128410}
  m_LocalRotation: {x: 0, y: 0, z: 0, w: 1}
  m_LocalPosition: {x: 0, y: 0, z: 0.05}
  m_LocalScale: {x: 1, y: 1, z: 1}
  m_Children: []
  m_Father: {fileID: 482668}
  m_RootOrder: 0
--- !u!4 &428534
Transform:
  m_ObjectHideFlags: 1
  m_PrefabParentObject: {fileID: 0}
  m_PrefabInternal: {fileID: 100100000}
  m_GameObject: {fileID: 167798}
  m_LocalRotation: {x: 0, y: 0, z: 0, w: 1}
  m_LocalPosition: {x: 0, y: 0, z: 0}
  m_LocalScale: {x: 1, y: 1, z: 1}
  m_Children: []
  m_Father: {fileID: 482668}
  m_RootOrder: 1
--- !u!4 &482668
Transform:
  m_ObjectHideFlags: 1
  m_PrefabParentObject: {fileID: 0}
  m_PrefabInternal: {fileID: 100100000}
  m_GameObject: {fileID: 198144}
  m_LocalRotation: {x: 0, y: 0, z: 0, w: 1}
  m_LocalPosition: {x: 0.3, y: 1, z: 0}
  m_LocalScale: {x: 1, y: 1, z: 1}
  m_Children:
  - {fileID: 416990}
  - {fileID: 428534}
  m_Father: {fileID: 0}
  m_RootOrder: 0
--- !u!108 &10898604
Light:
  m_ObjectHideFlags: 1
  m_PrefabParentObject: {fileID: 0}
  m_PrefabInternal: {fileID: 100100000}
  m_GameObject: {fileID: 167798}
  m_Enabled: 1
  serializedVersion: 6
  m_Type: 2
  m_Color: {r: 1, g: 0.22794116, b: 0.7870181, a: 1}
  m_Intensity: 2.05
  m_Range: 10
  m_SpotAngle: 30
  m_CookieSize: 10
  m_Shadows:
    m_Type: 0
    m_Resolution: -1
    m_Strength: 1
    m_Bias: 0.05
    m_NormalBias: 0.4
    m_NearPlane: 0.2
  m_Cookie: {fileID: 0}
  m_DrawHalo: 0
  m_Flare: {fileID: 0}
  m_RenderMode: 0
  m_CullingMask:
    serializedVersion: 2
    m_Bits: 4294967295
  m_Lightmapping: 4
  m_BounceIntensity: 0
  m_ShadowRadius: 0
  m_ShadowAngle: 0
  m_AreaSize: {x: 1, y: 1}
--- !u!114 &11415642
MonoBehaviour:
  m_ObjectHideFlags: 1
  m_PrefabParentObject: {fileID: 0}
  m_PrefabInternal: {fileID: 100100000}
  m_GameObject: {fileID: 128410}
  m_Enabled: 1
  m_EditorHideFlags: 0
  m_Script: {fileID: 325033367, guid: ec79681b151069449abd420a394fc9e3, type: 3}
  m_Name: 
  m_EditorClassIdentifier: 
  m_FxAttributesList:
  - m_Descriptor:
      Type: 28
      MinMaxFlag: 1
      Name: Density
      Description: 
      DefaultValue0: 1
      DefaultValue1: 0
      DefaultValue2: 0
      DefaultValue3: 0
      MinValue0: 0
      MinValue1: 0
      MinValue2: 0
      MinValue3: 0
      MaxValue0: 0
      MaxValue1: 0
      MaxValue2: 0
      MaxValue3: 0
    m_Value0: 1
    m_Value1: 0
    m_Value2: 0
    m_Value3: 0
  - m_Descriptor:
      Type: 28
      MinMaxFlag: 3
      Name: Power
      Description: 
      DefaultValue0: 20
      DefaultValue1: 0
      DefaultValue2: 0
      DefaultValue3: 0
      MinValue0: 0
      MinValue1: 0
      MinValue2: 0
      MinValue3: 0
      MaxValue0: 100
      MaxValue1: 0
      MaxValue2: 0
      MaxValue3: 0
    m_Value0: 100
    m_Value1: 0
    m_Value2: 0
    m_Value3: 0
  - m_Descriptor:
      Type: 30
      MinMaxFlag: 3
      Name: RGB
      Description: 
      DefaultValue0: 0.04
      DefaultValue1: 0.5
      DefaultValue2: 0.5
      DefaultValue3: 0
      MinValue0: 0
      MinValue1: 0
      MinValue2: 0
      MinValue3: 0
      MaxValue0: 1
      MaxValue1: 1
      MaxValue2: 1
      MaxValue3: 0
    m_Value0: 1
    m_Value1: 1
    m_Value2: 1
    m_Value3: 0
  m_PlayOnStart: 1
  m_BoundFx: {fileID: 102900000, guid: dcbf53f71e8c11e478054700635f2717, type: 3}
  m_FxName: Particles/Magic/FanPowerArrow.pkfx
--- !u!114 &11479246
MonoBehaviour:
  m_ObjectHideFlags: 1
  m_PrefabParentObject: {fileID: 0}
  m_PrefabInternal: {fileID: 100100000}
  m_GameObject: {fileID: 198144}
  m_Enabled: 0
  m_EditorHideFlags: 0
  m_Script: {fileID: 11500000, guid: 776c2f15a07c08c4e83cf79822c1e1f1, type: 3}
  m_Name: 
  m_EditorClassIdentifier: 
  target: {fileID: 0}
  speed: 10
--- !u!1001 &100100000
Prefab:
  m_ObjectHideFlags: 1
  serializedVersion: 2
  m_Modification:
    m_TransformParent: {fileID: 0}
    m_Modifications:
    - target: {fileID: 0}
      propertyPath: m_FxAttributesList.Array.size
      value: 3
      objectReference: {fileID: 0}
    - target: {fileID: 0}
      propertyPath: m_FxAttributesList.Array.data[0].m_Descriptor.Type
      value: 28
      objectReference: {fileID: 0}
    - target: {fileID: 0}
      propertyPath: m_FxAttributesList.Array.data[0].m_Descriptor.MinMaxFlag
      value: 1
      objectReference: {fileID: 0}
    - target: {fileID: 0}
      propertyPath: m_FxAttributesList.Array.data[0].m_Descriptor.Name
      value: Density
      objectReference: {fileID: 0}
    - target: {fileID: 0}
      propertyPath: m_FxAttributesList.Array.data[0].m_Descriptor.DefaultValue0
      value: 1
      objectReference: {fileID: 0}
    - target: {fileID: 0}
      propertyPath: m_FxAttributesList.Array.data[0].m_Descriptor.DefaultValue1
      value: 0
      objectReference: {fileID: 0}
    - target: {fileID: 0}
      propertyPath: m_FxAttributesList.Array.data[0].m_Descriptor.DefaultValue2
      value: 0
      objectReference: {fileID: 0}
    - target: {fileID: 0}
      propertyPath: m_FxAttributesList.Array.data[0].m_Descriptor.MaxValue0
      value: 0
      objectReference: {fileID: 0}
    - target: {fileID: 0}
      propertyPath: m_FxAttributesList.Array.data[0].m_Descriptor.MaxValue1
      value: 0
      objectReference: {fileID: 0}
    - target: {fileID: 0}
      propertyPath: m_FxAttributesList.Array.data[0].m_Descriptor.MaxValue2
      value: 0
      objectReference: {fileID: 0}
    - target: {fileID: 0}
      propertyPath: m_FxAttributesList.Array.data[0].m_Value1
      value: 0
      objectReference: {fileID: 0}
    - target: {fileID: 0}
      propertyPath: m_BoundFx
      value: 
      objectReference: {fileID: 102900000, guid: dcbf53f71e8c11e478054700635f2717,
        type: 3}
    - target: {fileID: 0}
      propertyPath: m_FxName
      value: Particles/Magic/FanPowerArrow.pkfx
      objectReference: {fileID: 0}
    - target: {fileID: 0}
      propertyPath: m_Color.b
      value: 0.7870181
      objectReference: {fileID: 0}
    - target: {fileID: 0}
      propertyPath: m_Color.r
      value: 1
      objectReference: {fileID: 0}
    - target: {fileID: 0}
      propertyPath: m_Color.g
      value: 0.22794116
      objectReference: {fileID: 0}
    - target: {fileID: 0}
      propertyPath: speed
      value: 10
      objectReference: {fileID: 0}
    m_RemovedComponents: []
  m_ParentPrefab: {fileID: 0}
  m_RootGameObject: {fileID: 198144}
  m_IsPrefabParent: 1
