%YAML 1.1
%TAG !u! tag:unity3d.com,2011:
--- !u!1 &102480
GameObject:
  m_ObjectHideFlags: 1
  m_PrefabParentObject: {fileID: 0}
  m_PrefabInternal: {fileID: 100100000}
  serializedVersion: 4
  m_Component:
  - 4: {fileID: 494438}
  - 65: {fileID: 6570586}
  - 114: {fileID: 11481496}
  - 33: {fileID: 3336112}
  - 23: {fileID: 2374898}
  m_Layer: 0
  m_Name: Portal_rahas_desert_2
  m_TagString: Untagged
  m_Icon: {fileID: 0}
  m_NavMeshLayer: 0
  m_StaticEditorFlags: 0
  m_IsActive: 1
--- !u!1 &114768
GameObject:
  m_ObjectHideFlags: 1
  m_PrefabParentObject: {fileID: 0}
  m_PrefabInternal: {fileID: 100100000}
  serializedVersion: 4
  m_Component:
  - 224: {fileID: 22484980}
  - 222: {fileID: 22263050}
  - 114: {fileID: 11451884}
  m_Layer: 0
  m_Name: Area_image
  m_TagString: Untagged
  m_Icon: {fileID: 0}
  m_NavMeshLayer: 0
  m_StaticEditorFlags: 0
  m_IsActive: 1
--- !u!1 &116510
GameObject:
  m_ObjectHideFlags: 1
  m_PrefabParentObject: {fileID: 0}
  m_PrefabInternal: {fileID: 100100000}
  serializedVersion: 4
  m_Component:
  - 4: {fileID: 422364}
  - 65: {fileID: 6543682}
  - 114: {fileID: 11448730}
  - 33: {fileID: 3362906}
  - 23: {fileID: 2394074}
  m_Layer: 0
  m_Name: Portal_rahas_desert
  m_TagString: Untagged
  m_Icon: {fileID: 0}
  m_NavMeshLayer: 0
  m_StaticEditorFlags: 0
  m_IsActive: 1
--- !u!1 &126940
GameObject:
  m_ObjectHideFlags: 1
  m_PrefabParentObject: {fileID: 0}
  m_PrefabInternal: {fileID: 100100000}
  serializedVersion: 4
  m_Component:
  - 4: {fileID: 494856}
  - 65: {fileID: 6524482}
  - 114: {fileID: 11445306}
  m_Layer: 0
  m_Name: Portal_tel_harran
  m_TagString: Untagged
  m_Icon: {fileID: 0}
  m_NavMeshLayer: 0
  m_StaticEditorFlags: 0
  m_IsActive: 1
--- !u!1 &128472
GameObject:
  m_ObjectHideFlags: 0
  m_PrefabParentObject: {fileID: 0}
  m_PrefabInternal: {fileID: 100100000}
  serializedVersion: 4
  m_Component:
  - 224: {fileID: 22464954}
  - 223: {fileID: 22367348}
  - 114: {fileID: 11440828}
  - 114: {fileID: 11423390}
  m_Layer: 0
  m_Name: Canvas
  m_TagString: Untagged
  m_Icon: {fileID: 0}
  m_NavMeshLayer: 0
  m_StaticEditorFlags: 0
  m_IsActive: 1
--- !u!1 &141830
GameObject:
  m_ObjectHideFlags: 1
  m_PrefabParentObject: {fileID: 0}
  m_PrefabInternal: {fileID: 100100000}
  serializedVersion: 4
  m_Component:
  - 4: {fileID: 427896}
  - 65: {fileID: 6529674}
  - 114: {fileID: 11499524}
  m_Layer: 0
  m_Name: Portal_dunabad_cave
  m_TagString: Untagged
  m_Icon: {fileID: 0}
  m_NavMeshLayer: 0
  m_StaticEditorFlags: 0
  m_IsActive: 1
--- !u!1 &145256
GameObject:
  m_ObjectHideFlags: 1
  m_PrefabParentObject: {fileID: 0}
  m_PrefabInternal: {fileID: 100100000}
  serializedVersion: 4
  m_Component:
  - 224: {fileID: 22479338}
  - 222: {fileID: 22255550}
  - 114: {fileID: 11442260}
  m_Layer: 0
  m_Name: Area_name
  m_TagString: Untagged
  m_Icon: {fileID: 0}
  m_NavMeshLayer: 0
  m_StaticEditorFlags: 0
  m_IsActive: 1
--- !u!1 &146576
GameObject:
  m_ObjectHideFlags: 0
  m_PrefabParentObject: {fileID: 0}
  m_PrefabInternal: {fileID: 100100000}
  serializedVersion: 4
  m_Component:
  - 4: {fileID: 477952}
  - 20: {fileID: 2060816}
  - 114: {fileID: 11485702}
  m_Layer: 0
  m_Name: Camera
  m_TagString: Untagged
  m_Icon: {fileID: 0}
  m_NavMeshLayer: 0
  m_StaticEditorFlags: 0
  m_IsActive: 1
--- !u!1 &169722
GameObject:
  m_ObjectHideFlags: 1
  m_PrefabParentObject: {fileID: 0}
  m_PrefabInternal: {fileID: 100100000}
  serializedVersion: 4
  m_Component:
  - 4: {fileID: 484030}
  - 65: {fileID: 6543052}
  - 114: {fileID: 11454442}
  m_Layer: 0
  m_Name: Portal_shapur
  m_TagString: Untagged
  m_Icon: {fileID: 0}
  m_NavMeshLayer: 0
  m_StaticEditorFlags: 0
  m_IsActive: 1
--- !u!1 &169758
GameObject:
  m_ObjectHideFlags: 0
  m_PrefabParentObject: {fileID: 0}
  m_PrefabInternal: {fileID: 100100000}
  serializedVersion: 4
  m_Component:
  - 4: {fileID: 416946}
  m_Layer: 0
  m_Name: WorldMap_Portals
  m_TagString: Untagged
  m_Icon: {fileID: 0}
  m_NavMeshLayer: 0
  m_StaticEditorFlags: 0
  m_IsActive: 1
--- !u!1 &171782
GameObject:
  m_ObjectHideFlags: 0
  m_PrefabParentObject: {fileID: 0}
  m_PrefabInternal: {fileID: 100100000}
  serializedVersion: 4
  m_Component:
  - 4: {fileID: 457866}
  m_Layer: 0
  m_Name: World_map old
  m_TagString: Untagged
  m_Icon: {fileID: 0}
  m_NavMeshLayer: 0
  m_StaticEditorFlags: 0
  m_IsActive: 1
--- !u!1 &172746
GameObject:
  m_ObjectHideFlags: 1
  m_PrefabParentObject: {fileID: 0}
  m_PrefabInternal: {fileID: 100100000}
  serializedVersion: 4
  m_Component:
  - 224: {fileID: 22498476}
  - 222: {fileID: 22260898}
  - 114: {fileID: 11434846}
  m_Layer: 0
  m_Name: Area_desc
  m_TagString: Untagged
  m_Icon: {fileID: 0}
  m_NavMeshLayer: 0
  m_StaticEditorFlags: 0
  m_IsActive: 1
--- !u!1 &173736
GameObject:
  m_ObjectHideFlags: 1
  m_PrefabParentObject: {fileID: 0}
  m_PrefabInternal: {fileID: 100100000}
  serializedVersion: 4
  m_Component:
  - 4: {fileID: 485596}
  - 65: {fileID: 6591102}
  - 114: {fileID: 11411782}
  m_Layer: 0
  m_Name: Portal_dunabad
  m_TagString: Untagged
  m_Icon: {fileID: 0}
  m_NavMeshLayer: 0
  m_StaticEditorFlags: 0
  m_IsActive: 1
--- !u!1 &177216
GameObject:
  m_ObjectHideFlags: 0
  m_PrefabParentObject: {fileID: 0}
  m_PrefabInternal: {fileID: 100100000}
  serializedVersion: 4
  m_Component:
  - 4: {fileID: 424474}
  - 212: {fileID: 21297622}
  - 60: {fileID: 6005922}
  m_Layer: 0
  m_Name: Background
  m_TagString: Untagged
  m_Icon: {fileID: 0}
  m_NavMeshLayer: 0
  m_StaticEditorFlags: 0
  m_IsActive: 1
--- !u!1 &184250
GameObject:
  m_ObjectHideFlags: 0
  m_PrefabParentObject: {fileID: 0}
  m_PrefabInternal: {fileID: 100100000}
  serializedVersion: 4
  m_Component:
  - 4: {fileID: 467016}
  - 108: {fileID: 10874616}
  m_Layer: 0
  m_Name: Directional light
  m_TagString: Untagged
  m_Icon: {fileID: 0}
  m_NavMeshLayer: 0
  m_StaticEditorFlags: 0
  m_IsActive: 1
--- !u!4 &416946
Transform:
  m_ObjectHideFlags: 1
  m_PrefabParentObject: {fileID: 0}
  m_PrefabInternal: {fileID: 100100000}
  m_GameObject: {fileID: 169758}
  m_LocalRotation: {x: 0, y: 0, z: 0, w: 1}
  m_LocalPosition: {x: 0, y: 0, z: 0}
  m_LocalScale: {x: 1, y: 1, z: 1}
  m_LocalEulerAnglesHint: {x: 0, y: 0, z: 0}
  m_Children:
  - {fileID: 494856}
  - {fileID: 422364}
  - {fileID: 494438}
  - {fileID: 484030}
  - {fileID: 485596}
  - {fileID: 427896}
  m_Father: {fileID: 457866}
  m_RootOrder: 3
--- !u!4 &422364
Transform:
  m_ObjectHideFlags: 1
  m_PrefabParentObject: {fileID: 0}
  m_PrefabInternal: {fileID: 100100000}
  m_GameObject: {fileID: 116510}
  m_LocalRotation: {x: 0, y: 0, z: 0, w: 1}
  m_LocalPosition: {x: -3.79, y: -1.15, z: -0.1}
  m_LocalScale: {x: 2.41, y: 1, z: 1}
  m_LocalEulerAnglesHint: {x: 0, y: 0, z: 0}
  m_Children: []
  m_Father: {fileID: 416946}
  m_RootOrder: 1
--- !u!4 &424474
Transform:
  m_ObjectHideFlags: 1
  m_PrefabParentObject: {fileID: 0}
  m_PrefabInternal: {fileID: 100100000}
  m_GameObject: {fileID: 177216}
  m_LocalRotation: {x: 0, y: 0, z: 0, w: 1}
  m_LocalPosition: {x: 0, y: 0, z: 0}
  m_LocalScale: {x: 6, y: 6, z: 1}
  m_LocalEulerAnglesHint: {x: 0, y: 0, z: 0}
  m_Children: []
  m_Father: {fileID: 457866}
  m_RootOrder: 0
--- !u!4 &427896
Transform:
  m_ObjectHideFlags: 1
  m_PrefabParentObject: {fileID: 0}
  m_PrefabInternal: {fileID: 100100000}
  m_GameObject: {fileID: 141830}
  m_LocalRotation: {x: 0, y: 0, z: 0.26681793, w: 0.96374696}
  m_LocalPosition: {x: -9.1, y: 9.46, z: -0.1}
  m_LocalScale: {x: 2.5, y: 1.634288, z: 1}
  m_LocalEulerAnglesHint: {x: 0, y: 0, z: 30.949999}
  m_Children: []
  m_Father: {fileID: 416946}
  m_RootOrder: 5
--- !u!4 &457866
Transform:
  m_ObjectHideFlags: 1
  m_PrefabParentObject: {fileID: 0}
  m_PrefabInternal: {fileID: 100100000}
  m_GameObject: {fileID: 171782}
  m_LocalRotation: {x: 0, y: 0, z: 0, w: 1}
  m_LocalPosition: {x: 0, y: 0, z: 0}
  m_LocalScale: {x: 1, y: 1, z: 1}
  m_LocalEulerAnglesHint: {x: 0, y: 0, z: 0}
  m_Children:
  - {fileID: 424474}
  - {fileID: 477952}
  - {fileID: 467016}
  - {fileID: 416946}
  - {fileID: 22464954}
  m_Father: {fileID: 0}
  m_RootOrder: 0
--- !u!4 &467016
Transform:
  m_ObjectHideFlags: 1
  m_PrefabParentObject: {fileID: 0}
  m_PrefabInternal: {fileID: 100100000}
  m_GameObject: {fileID: 184250}
  m_LocalRotation: {x: 0, y: 0, z: 0, w: 1}
  m_LocalPosition: {x: 0, y: 0, z: 0}
  m_LocalScale: {x: 1, y: 1, z: 1}
  m_LocalEulerAnglesHint: {x: 0, y: 0, z: 0}
  m_Children: []
  m_Father: {fileID: 457866}
  m_RootOrder: 2
--- !u!4 &477952
Transform:
  m_ObjectHideFlags: 1
  m_PrefabParentObject: {fileID: 0}
  m_PrefabInternal: {fileID: 100100000}
  m_GameObject: {fileID: 146576}
  m_LocalRotation: {x: 0, y: 0, z: 0, w: 1}
  m_LocalPosition: {x: 0.03, y: 0, z: -10}
  m_LocalScale: {x: 1, y: 1, z: 1}
  m_LocalEulerAnglesHint: {x: 0, y: 0, z: 0}
  m_Children: []
  m_Father: {fileID: 457866}
  m_RootOrder: 1
--- !u!4 &484030
Transform:
  m_ObjectHideFlags: 1
  m_PrefabParentObject: {fileID: 0}
  m_PrefabInternal: {fileID: 100100000}
  m_GameObject: {fileID: 169722}
  m_LocalRotation: {x: 0, y: 0, z: 0, w: 1}
  m_LocalPosition: {x: -3.37, y: 9.44, z: -0.1}
  m_LocalScale: {x: 1.2099999, y: 1, z: 1}
  m_LocalEulerAnglesHint: {x: 0, y: 0, z: 0}
  m_Children: []
  m_Father: {fileID: 416946}
  m_RootOrder: 3
--- !u!4 &485596
Transform:
  m_ObjectHideFlags: 1
  m_PrefabParentObject: {fileID: 0}
  m_PrefabInternal: {fileID: 100100000}
  m_GameObject: {fileID: 173736}
  m_LocalRotation: {x: 0, y: 0, z: 0, w: 1}
  m_LocalPosition: {x: -10.79, y: 5, z: -0.1}
  m_LocalScale: {x: 2.5, y: 2.87, z: 1}
  m_LocalEulerAnglesHint: {x: 0, y: 0, z: 0}
  m_Children: []
  m_Father: {fileID: 416946}
  m_RootOrder: 4
--- !u!4 &494438
Transform:
  m_ObjectHideFlags: 1
  m_PrefabParentObject: {fileID: 0}
  m_PrefabInternal: {fileID: 100100000}
  m_GameObject: {fileID: 102480}
  m_LocalRotation: {x: 0, y: 0, z: 0, w: 1}
  m_LocalPosition: {x: -5.08, y: 2.41, z: -0.1}
  m_LocalScale: {x: 1.79, y: 1, z: 1}
  m_LocalEulerAnglesHint: {x: 0, y: 0, z: 0}
  m_Children: []
  m_Father: {fileID: 416946}
  m_RootOrder: 2
--- !u!4 &494856
Transform:
  m_ObjectHideFlags: 1
  m_PrefabParentObject: {fileID: 0}
  m_PrefabInternal: {fileID: 100100000}
  m_GameObject: {fileID: 126940}
  m_LocalRotation: {x: 0, y: 0, z: 0.31846306, w: 0.9479353}
  m_LocalPosition: {x: -7.56, y: -5.26, z: -0.1}
  m_LocalScale: {x: 1.21, y: 1, z: 1}
  m_LocalEulerAnglesHint: {x: 0, y: 0, z: 37.14}
  m_Children: []
  m_Father: {fileID: 416946}
  m_RootOrder: 0
--- !u!20 &2060816
Camera:
  m_ObjectHideFlags: 1
  m_PrefabParentObject: {fileID: 0}
  m_PrefabInternal: {fileID: 100100000}
  m_GameObject: {fileID: 146576}
  m_Enabled: 1
  serializedVersion: 2
  m_ClearFlags: 2
  m_BackGroundColor: {r: 0, g: 0, b: 0, a: 0.019607844}
  m_NormalizedViewPortRect:
    serializedVersion: 2
    x: 0
    y: 0
    width: 1
    height: 1
  near clip plane: 0.3
  far clip plane: 1000
  field of view: 60
  orthographic: 1
  orthographic size: 6
  m_Depth: 0
  m_CullingMask:
    serializedVersion: 2
    m_Bits: 4294967295
  m_RenderingPath: -1
  m_TargetTexture: {fileID: 0}
  m_TargetDisplay: 0
  m_TargetEye: 3
  m_HDR: 0
  m_OcclusionCulling: 1
  m_StereoConvergence: 10
  m_StereoSeparation: 0.022
  m_StereoMirrorMode: 0
--- !u!23 &2374898
MeshRenderer:
  m_ObjectHideFlags: 1
  m_PrefabParentObject: {fileID: 0}
  m_PrefabInternal: {fileID: 100100000}
  m_GameObject: {fileID: 102480}
  m_Enabled: 0
  m_CastShadows: 1
  m_ReceiveShadows: 1
  m_Materials:
  - {fileID: 0}
  m_SubsetIndices: 
  m_StaticBatchRoot: {fileID: 0}
  m_UseLightProbes: 1
  m_ReflectionProbeUsage: 1
  m_ProbeAnchor: {fileID: 0}
  m_ScaleInLightmap: 1
  m_PreserveUVs: 0
  m_IgnoreNormalsForChartDetection: 0
  m_ImportantGI: 0
  m_MinimumChartSize: 4
  m_AutoUVMaxDistance: 0.5
  m_AutoUVMaxAngle: 89
  m_LightmapParameters: {fileID: 0}
  m_SortingLayerID: 0
  m_SortingOrder: 0
--- !u!23 &2394074
MeshRenderer:
  m_ObjectHideFlags: 1
  m_PrefabParentObject: {fileID: 0}
  m_PrefabInternal: {fileID: 100100000}
  m_GameObject: {fileID: 116510}
  m_Enabled: 0
  m_CastShadows: 1
  m_ReceiveShadows: 1
  m_Materials:
  - {fileID: 0}
  m_SubsetIndices: 
  m_StaticBatchRoot: {fileID: 0}
  m_UseLightProbes: 1
  m_ReflectionProbeUsage: 1
  m_ProbeAnchor: {fileID: 0}
  m_ScaleInLightmap: 1
  m_PreserveUVs: 0
  m_IgnoreNormalsForChartDetection: 0
  m_ImportantGI: 0
  m_MinimumChartSize: 4
  m_AutoUVMaxDistance: 0.5
  m_AutoUVMaxAngle: 89
  m_LightmapParameters: {fileID: 0}
  m_SortingLayerID: 0
  m_SortingOrder: 0
--- !u!33 &3336112
MeshFilter:
  m_ObjectHideFlags: 1
  m_PrefabParentObject: {fileID: 0}
  m_PrefabInternal: {fileID: 100100000}
  m_GameObject: {fileID: 102480}
  m_Mesh: {fileID: 10202, guid: 0000000000000000e000000000000000, type: 0}
--- !u!33 &3362906
MeshFilter:
  m_ObjectHideFlags: 1
  m_PrefabParentObject: {fileID: 0}
  m_PrefabInternal: {fileID: 100100000}
  m_GameObject: {fileID: 116510}
  m_Mesh: {fileID: 10202, guid: 0000000000000000e000000000000000, type: 0}
--- !u!60 &6005922
PolygonCollider2D:
  m_ObjectHideFlags: 1
  m_PrefabParentObject: {fileID: 0}
  m_PrefabInternal: {fileID: 100100000}
  m_GameObject: {fileID: 177216}
  m_Enabled: 1
  m_Density: 1
  m_Material: {fileID: 0}
  m_IsTrigger: 0
  m_UsedByEffector: 0
  m_Offset: {x: 0, y: 0}
  m_Points:
    m_Paths:
    - - {x: -3.1999998, y: 2.3999999}
      - {x: -3.1999998, y: -2.3999999}
      - {x: 3.1999998, y: -2.3999999}
      - {x: 3.1999998, y: 2.3999999}
    - - {x: 0.13398758, y: -2.1578944}
      - {x: 0.11085904, y: -2.0695124}
      - {x: -0.006489893, y: -2.0176353}
      - {x: -0.09057267, y: -1.8278792}
      - {x: -0.06461298, y: -1.6429799}
      - {x: -0.1813468, y: -1.5995123}
      - {x: -0.201633, y: -1.397593}
      - {x: -0.2408165, y: -1.3054296}
      - {x: -0.35514307, y: -1.3197562}
      - {x: -0.40518558, y: -1.2716756}
      - {x: -0.3594272, y: -1.1532662}
      - {x: -0.40669125, y: -1.1424073}
      - {x: -0.5296712, y: -1.2341254}
      - {x: -0.6845705, y: -1.1087381}
      - {x: -0.83216333, y: -0.9019195}
      - {x: -1.0729377, y: -0.8981656}
      - {x: -1.2162037, y: -0.8832662}
      - {x: -1.3332239, y: -0.99163306}
      - {x: -1.1202016, y: -1.1789396}
      - {x: -1.3051432, y: -1.2424495}
      - {x: -1.3250582, y: -1.308123}
      - {x: -1.5196712, y: -1.3219194}
      - {x: -1.6136689, y: -1.2951008}
      - {x: -1.8542843, y: -1.4034677}
      - {x: -1.8752596, y: -1.512895}
      - {x: -2.1835103, y: -1.7041253}
      - {x: -2.2811031, y: -1.4619193}
      - {x: -2.3797562, y: -1.3113892}
      - {x: -2.4032662, y: -1.1683668}
      - {x: -2.23, y: -1.02}
      - {x: -2.118123, y: -0.9}
      - {x: -2.0975928, y: -0.78999996}
      - {x: -2.2937965, y: -0.6094698}
      - {x: -2.5127783, y: -0.49673384}
      - {x: -2.1784093, y: -0.5205303}
      - {x: -1.9643266, y: -0.4145705}
      - {x: -1.775143, y: -0.24755035}
      - {x: -1.5686109, y: -0.08563095}
      - {x: -1.310774, y: -0.2948569}
      - {x: -1.1775503, y: -0.34485683}
      - {x: -1.0543265, y: -0.38351008}
      - {x: -0.89269364, y: -0.37404025}
      - {x: -0.82408273, y: -0.3140403}
      - {x: -0.73171043, y: -0.13599288}
      - {x: -0.629447, y: -0.10699036}
      - {x: -0.70860434, y: 0.31980738}
      - {x: -0.86665463, y: 0.31742188}
      - {x: -0.9024071, y: 0.33121938}
      - {x: -1.0401766, y: 0.5826855}
      - {x: -1.097205, y: 0.6308208}
      - {x: -1.1857244, y: 0.61812717}
      - {x: -1.264735, y: 0.44537097}
      - {x: -1.4632864, y: 0.5937457}
      - {x: -1.5934899, y: 0.5959548}
      - {x: -1.6734071, y: 0.7152382}
      - {x: -1.821237, y: 0.80134284}
      - {x: -2.0070715, y: 0.85983264}
      - {x: -1.8151963, y: 0.95971775}
      - {x: -1.5512642, y: 1.0914409}
      - {x: -1.4967601, y: 1.1224992}
      - {x: -1.4876411, y: 1.1983039}
      - {x: -1.5920734, y: 1.3654516}
      - {x: -1.7434311, y: 1.4251909}
      - {x: -1.909757, y: 1.5634978}
      - {x: -2.104735, y: 1.6043816}
      - {x: -2.2383041, y: 1.5143814}
      - {x: -2.442226, y: 1.5245583}
      - {x: -2.5964603, y: 1.6632155}
      - {x: -2.4645584, y: 1.7465022}
      - {x: -2.423569, y: 1.8190106}
      - {x: -2.0985618, y: 1.8191121}
      - {x: -2.0144377, y: 1.8492329}
      - {x: -1.9585226, y: 1.7474574}
      - {x: -1.7608404, y: 1.6897755}
      - {x: -1.619551, y: 1.692673}
      - {x: -1.4724483, y: 1.8}
      - {x: -1.4930279, y: 1.9116262}
      - {x: -1.5832705, y: 2.0182617}
      - {x: -1.2797939, y: 2.0557194}
      - {x: -1.1075516, y: 1.962579}
      - {x: -1.1129915, y: 1.7945418}
      - {x: -1.2218666, y: 1.6989112}
      - {x: -1.308279, y: 1.5928147}
      - {x: -1.2887506, y: 1.5187505}
      - {x: -1.2137482, y: 1.4973505}
      - {x: -1.1040545, y: 1.3876714}
      - {x: -1.1739087, y: 1.2503258}
      - {x: -1.1078123, y: 1.0959407}
      - {x: -0.7956247, y: 1.0581284}
      - {x: -0.6306271, y: 1.0679729}
      - {x: -0.5267234, y: 1.1840643}
      - {x: -0.6070346, y: 1.2781235}
      - {x: -0.61297524, y: 1.3781235}
      - {x: -0.6121925, y: 1.563437}
      - {x: -0.6765679, y: 1.6056247}
      - {x: -0.5979728, y: 1.658911}
      - {x: -0.48734564, y: 1.6281431}
      - {x: -0.4394098, y: 1.3811302}
      - {x: -0.20829538, y: 1.4530114}
      - {x: 0.074318215, y: 1.6735227}
      - {x: 0.42233247, y: 1.7524674}
      - {x: 0.508307, y: 1.7215585}
      - {x: 0.5816862, y: 1.6201277}
      - {x: 0.733248, y: 1.4733723}
      - {x: 0.8690878, y: 1.2498688}
      - {x: 0.98519695, y: 1.1915584}
      - {x: 1.0900033, y: 1.2646753}
      - {x: 1.3550657, y: 1.4536351}
      - {x: 1.3827298, y: 1.5570145}
      - {x: 1.2864964, y: 1.6544158}
      - {x: 1.4219488, y: 1.7449343}
      - {x: 1.5287042, y: 1.7928542}
      - {x: 1.6555874, y: 1.8349345}
      - {x: 1.767664, y: 1.8692191}
      - {x: 1.9840257, y: 1.7874016}
      - {x: 1.9819419, y: 1.6894783}
      - {x: 1.8057086, y: 1.6423358}
      - {x: 1.6449311, y: 1.5467485}
      - {x: 1.5218177, y: 1.3758429}
      - {x: 1.5893502, y: 1.165584}
      - {x: 1.6980512, y: 1.0781789}
      - {x: 1.6392639, y: 0.90915674}
      - {x: 1.5262115, y: 0.885154}
      - {x: 1.2878982, y: 0.9654752}
      - {x: 1.0782062, y: 0.902209}
      - {x: 0.8669478, y: 0.8521019}
      - {x: 0.6809246, y: 0.7979727}
      - {x: 0.38679534, y: 0.74430454}
      - {x: 0.2587838, y: 0.90032804}
      - {x: 0.028069925, y: 0.82994175}
      - {x: 0.19044428, y: 0.80525124}
      - {x: 0.24901664, y: 0.74697006}
      - {x: 0.099999994, y: 0.58}
      - {x: 0.21306348, y: 0.4940476}
      - {x: -0.03907934, y: 0.1455873}
      - {x: -0.15092066, y: 0.19920635}
      - {x: -0.4322064, y: 0.3546666}
      - {x: -0.48999998, y: 0.3946666}
      - {x: -0.57404774, y: 0.42380947}
      - {x: -0.7009841, y: 0.52546036}
      - {x: -0.75059855, y: 0.44234222}
      - {x: -0.7085699, y: 0.31858864}
      - {x: -0.62886274, y: -0.107963964}
      - {x: -0.48558363, y: -0.15215445}
      - {x: -0.4591428, y: -0.28361902}
      - {x: -0.5059525, y: -0.40049204}
      - {x: -0.44141275, y: -0.50588894}
      - {x: -0.32453966, y: -0.47276187}
      - {x: -0.17, y: -0.44}
      - {x: 0.02, y: -0.48999998}
      - {x: 0.046872996, y: -0.47276193}
      - {x: 0.19, y: -0.39}
      - {x: 0.46993655, y: -0.41680962}
      - {x: 0.54944444, y: -0.5785874}
      - {x: 0.49723804, y: -0.65404767}
      - {x: 0.44950795, y: -0.7323333}
      - {x: 0.59999996, y: -0.95}
      - {x: 0.66680944, y: -1.1800001}
      - {x: 0.76, y: -1.26}
      - {x: 1.05, y: -1.35}
      - {x: 1.1999999, y: -1.4399999}
      - {x: 1.36, y: -1.48}
      - {x: 1.39, y: -1.48}
      - {x: 1.4127617, y: -1.3478572}
      - {x: 1.5208572, y: -1.3086507}
      - {x: 1.6013489, y: -1.4059522}
      - {x: 1.6681589, y: -1.4082221}
      - {x: 1.7099999, y: -1.38}
      - {x: 1.7736825, y: -1.2468097}
      - {x: 1.7954602, y: -0.9895079}
      - {x: 1.8722064, y: -1.0818415}
      - {x: 2.0553968, y: -1.249508}
      - {x: 2.6572223, y: -1.0675554}
      - {x: 2.5186987, y: -1.3195713}
      - {x: 2.3396192, y: -1.3466347}
      - {x: 2.1360636, y: -1.5881588}
      - {x: 2.1682065, y: -1.775143}
      - {x: 1.954349, y: -1.7456353}
      - {x: 1.828524, y: -1.5754603}
      - {x: 1.7709208, y: -1.6084125}
      - {x: 2.000905, y: -1.9505398}
      - {x: 1.7564287, y: -1.9198731}
      - {x: 1.6356351, y: -1.738841}
      - {x: 1.4617623, y: -1.8335556}
      - {x: 1.4340318, y: -2.115016}
      - {x: 1.1225715, y: -1.9611588}
      - {x: 0.9523107, y: -1.8955216}
      - {x: 0.9614723, y: -1.7595094}
      - {x: 0.8456646, y: -1.5973415}
      - {x: 0.69867086, y: -1.5951737}
      - {x: 0.57768935, y: -1.6581801}
      - {x: 0.47468317, y: -1.7411864}
      - {x: 0.37818012, y: -1.821677}
      - {x: 0.23650306, y: -2.209857}
    - - {x: -0.34968767, y: 1.0579374}
      - {x: -0.48874968, y: 1.0496249}
      - {x: -0.51181227, y: 0.93643755}
      - {x: -0.36481184, y: 0.81949997}
      - {x: -0.18375014, y: 0.88106287}
      - {x: -0.23481286, y: 0.96562517}
    - - {x: 0.24403498, y: 1.3483394}
      - {x: 0.16204658, y: 1.3643627}
      - {x: 0.0928769, y: 1.301158}
      - {x: 0.07, y: 1.24}
      - {x: -0.01, y: 1}
      - {x: -0.043648906, y: 0.94198835}
      - {x: 0.20198838, y: 1.0160235}
      - {x: 0.2707138, y: 1.2666423}
--- !u!65 &6524482
BoxCollider:
  m_ObjectHideFlags: 1
  m_PrefabParentObject: {fileID: 0}
  m_PrefabInternal: {fileID: 100100000}
  m_GameObject: {fileID: 126940}
  m_Material: {fileID: 0}
  m_IsTrigger: 1
  m_Enabled: 0
  serializedVersion: 2
  m_Size: {x: 1, y: 1, z: 1}
  m_Center: {x: 0, y: 0, z: 0}
--- !u!65 &6529674
BoxCollider:
  m_ObjectHideFlags: 1
  m_PrefabParentObject: {fileID: 0}
  m_PrefabInternal: {fileID: 100100000}
  m_GameObject: {fileID: 141830}
  m_Material: {fileID: 0}
  m_IsTrigger: 1
  m_Enabled: 0
  serializedVersion: 2
  m_Size: {x: 1, y: 1, z: 1}
  m_Center: {x: 0, y: 0, z: 0}
--- !u!65 &6543052
BoxCollider:
  m_ObjectHideFlags: 1
  m_PrefabParentObject: {fileID: 0}
  m_PrefabInternal: {fileID: 100100000}
  m_GameObject: {fileID: 169722}
  m_Material: {fileID: 0}
  m_IsTrigger: 1
  m_Enabled: 0
  serializedVersion: 2
  m_Size: {x: 1, y: 1, z: 1}
  m_Center: {x: 0, y: 0, z: 0}
--- !u!65 &6543682
BoxCollider:
  m_ObjectHideFlags: 1
  m_PrefabParentObject: {fileID: 0}
  m_PrefabInternal: {fileID: 100100000}
  m_GameObject: {fileID: 116510}
  m_Material: {fileID: 0}
  m_IsTrigger: 1
  m_Enabled: 0
  serializedVersion: 2
  m_Size: {x: 1, y: 1, z: 1}
  m_Center: {x: 0, y: 0, z: 0}
--- !u!65 &6570586
BoxCollider:
  m_ObjectHideFlags: 1
  m_PrefabParentObject: {fileID: 0}
  m_PrefabInternal: {fileID: 100100000}
  m_GameObject: {fileID: 102480}
  m_Material: {fileID: 0}
  m_IsTrigger: 1
  m_Enabled: 0
  serializedVersion: 2
  m_Size: {x: 1, y: 1, z: 1}
  m_Center: {x: 0, y: 0, z: 0}
--- !u!65 &6591102
BoxCollider:
  m_ObjectHideFlags: 1
  m_PrefabParentObject: {fileID: 0}
  m_PrefabInternal: {fileID: 100100000}
  m_GameObject: {fileID: 173736}
  m_Material: {fileID: 0}
  m_IsTrigger: 1
  m_Enabled: 0
  serializedVersion: 2
  m_Size: {x: 1, y: 1, z: 1}
  m_Center: {x: 0, y: 0, z: 0}
--- !u!108 &10874616
Light:
  m_ObjectHideFlags: 1
  m_PrefabParentObject: {fileID: 0}
  m_PrefabInternal: {fileID: 100100000}
  m_GameObject: {fileID: 184250}
  m_Enabled: 1
  serializedVersion: 6
  m_Type: 1
  m_Color: {r: 1, g: 1, b: 1, a: 1}
  m_Intensity: 1
  m_Range: 10
  m_SpotAngle: 30
  m_CookieSize: 10
  m_Shadows:
    m_Type: 0
    m_Resolution: -1
    m_Strength: 1
    m_Bias: 0.05
    m_NormalBias: 0.4
    m_NearPlane: 0.2
  m_Cookie: {fileID: 0}
  m_DrawHalo: 0
  m_Flare: {fileID: 0}
  m_RenderMode: 0
  m_CullingMask:
    serializedVersion: 2
    m_Bits: 4294967295
  m_Lightmapping: 4
  m_BounceIntensity: 1
  m_ShadowRadius: 0
  m_ShadowAngle: 0
  m_AreaSize: {x: 1, y: 1}
--- !u!114 &11411782
MonoBehaviour:
  m_ObjectHideFlags: 1
  m_PrefabParentObject: {fileID: 0}
  m_PrefabInternal: {fileID: 100100000}
  m_GameObject: {fileID: 173736}
  m_Enabled: 1
  m_EditorHideFlags: 0
  m_Script: {fileID: 11500000, guid: 6c8b27b7758c913479b2c5313aeea933, type: 3}
  m_Name: 
  m_EditorClassIdentifier: 
  TriggerID: WM-DUN
  NeedActivate: 1
  DestroyAfterTrigger: 0
  arriveDirection: 3
  arriveOffset: {x: 2, y: 0, z: 0}
--- !u!114 &11423390
MonoBehaviour:
  m_ObjectHideFlags: 1
  m_PrefabParentObject: {fileID: 0}
  m_PrefabInternal: {fileID: 100100000}
  m_GameObject: {fileID: 128472}
  m_Enabled: 1
  m_EditorHideFlags: 0
  m_Script: {fileID: 1301386320, guid: f5f67c52d1564df4a8936ccd202a3bd8, type: 3}
  m_Name: 
  m_EditorClassIdentifier: 
  m_IgnoreReversedGraphics: 1
  m_BlockingObjects: 0
  m_BlockingMask:
    serializedVersion: 2
    m_Bits: 4294967295
--- !u!114 &11434846
MonoBehaviour:
  m_ObjectHideFlags: 1
  m_PrefabParentObject: {fileID: 0}
  m_PrefabInternal: {fileID: 100100000}
  m_GameObject: {fileID: 172746}
  m_Enabled: 1
  m_EditorHideFlags: 0
  m_Script: {fileID: 708705254, guid: f5f67c52d1564df4a8936ccd202a3bd8, type: 3}
  m_Name: 
  m_EditorClassIdentifier: 
  m_Material: {fileID: 0}
  m_Color: {r: 1, g: 1, b: 1, a: 1}
  m_RaycastTarget: 1
  m_OnCullStateChanged:
    m_PersistentCalls:
      m_Calls: []
    m_TypeName: UnityEngine.UI.MaskableGraphic+CullStateChangedEvent, UnityEngine.UI,
      Version=1.0.0.0, Culture=neutral, PublicKeyToken=null
  m_FontData:
    m_Font: {fileID: 10102, guid: 0000000000000000e000000000000000, type: 0}
    m_FontSize: 20
    m_FontStyle: 0
    m_BestFit: 0
    m_MinSize: 2
    m_MaxSize: 40
    m_Alignment: 0
    m_AlignByGeometry: 0
    m_RichText: 1
    m_HorizontalOverflow: 0
    m_VerticalOverflow: 0
    m_LineSpacing: 1
  m_Text: city_description
--- !u!114 &11440828
MonoBehaviour:
  m_ObjectHideFlags: 1
  m_PrefabParentObject: {fileID: 0}
  m_PrefabInternal: {fileID: 100100000}
  m_GameObject: {fileID: 128472}
  m_Enabled: 1
  m_EditorHideFlags: 0
  m_Script: {fileID: 1980459831, guid: f5f67c52d1564df4a8936ccd202a3bd8, type: 3}
  m_Name: 
  m_EditorClassIdentifier: 
  m_UiScaleMode: 1
  m_ReferencePixelsPerUnit: 100
  m_ScaleFactor: 1
  m_ReferenceResolution: {x: 1920, y: 1080}
  m_ScreenMatchMode: 0
  m_MatchWidthOrHeight: 1
  m_PhysicalUnit: 3
  m_FallbackScreenDPI: 96
  m_DefaultSpriteDPI: 96
  m_DynamicPixelsPerUnit: 1
--- !u!114 &11442260
MonoBehaviour:
  m_ObjectHideFlags: 1
  m_PrefabParentObject: {fileID: 0}
  m_PrefabInternal: {fileID: 100100000}
  m_GameObject: {fileID: 145256}
  m_Enabled: 1
  m_EditorHideFlags: 0
  m_Script: {fileID: 708705254, guid: f5f67c52d1564df4a8936ccd202a3bd8, type: 3}
  m_Name: 
  m_EditorClassIdentifier: 
  m_Material: {fileID: 0}
  m_Color: {r: 1, g: 1, b: 1, a: 1}
  m_RaycastTarget: 1
  m_OnCullStateChanged:
    m_PersistentCalls:
      m_Calls: []
    m_TypeName: UnityEngine.UI.MaskableGraphic+CullStateChangedEvent, UnityEngine.UI,
      Version=1.0.0.0, Culture=neutral, PublicKeyToken=null
  m_FontData:
    m_Font: {fileID: 10102, guid: 0000000000000000e000000000000000, type: 0}
    m_FontSize: 20
    m_FontStyle: 0
    m_BestFit: 0
    m_MinSize: 2
    m_MaxSize: 40
    m_Alignment: 0
    m_AlignByGeometry: 0
    m_RichText: 1
    m_HorizontalOverflow: 0
    m_VerticalOverflow: 0
    m_LineSpacing: 1
  m_Text: city_name
--- !u!114 &11445306
MonoBehaviour:
  m_ObjectHideFlags: 1
  m_PrefabParentObject: {fileID: 0}
  m_PrefabInternal: {fileID: 100100000}
  m_GameObject: {fileID: 126940}
  m_Enabled: 1
  m_EditorHideFlags: 0
  m_Script: {fileID: 11500000, guid: 6c8b27b7758c913479b2c5313aeea933, type: 3}
  m_Name: 
  m_EditorClassIdentifier: 
  TriggerID: -1
  NeedActivate: 1
  DestroyAfterTrigger: 0
  arriveDirection: 0
  arriveOffset: {x: 0, y: 1, z: 0}
--- !u!114 &11448730
MonoBehaviour:
  m_ObjectHideFlags: 1
  m_PrefabParentObject: {fileID: 0}
  m_PrefabInternal: {fileID: 100100000}
  m_GameObject: {fileID: 116510}
  m_Enabled: 1
  m_EditorHideFlags: 0
  m_Script: {fileID: 11500000, guid: 6c8b27b7758c913479b2c5313aeea933, type: 3}
  m_Name: 
  m_EditorClassIdentifier: 
  TriggerID: WM-RDE
  NeedActivate: 1
  DestroyAfterTrigger: 0
  arriveDirection: 1
  arriveOffset: {x: 0, y: -1, z: 0}
--- !u!114 &11451884
MonoBehaviour:
  m_ObjectHideFlags: 1
  m_PrefabParentObject: {fileID: 0}
  m_PrefabInternal: {fileID: 100100000}
  m_GameObject: {fileID: 114768}
  m_Enabled: 1
  m_EditorHideFlags: 0
  m_Script: {fileID: -765806418, guid: f5f67c52d1564df4a8936ccd202a3bd8, type: 3}
  m_Name: 
  m_EditorClassIdentifier: 
  m_Material: {fileID: 0}
  m_Color: {r: 1, g: 1, b: 1, a: 1}
  m_RaycastTarget: 1
  m_OnCullStateChanged:
    m_PersistentCalls:
      m_Calls: []
    m_TypeName: UnityEngine.UI.MaskableGraphic+CullStateChangedEvent, UnityEngine.UI,
      Version=1.0.0.0, Culture=neutral, PublicKeyToken=null
  m_Sprite: {fileID: 0}
  m_Type: 0
  m_PreserveAspect: 0
  m_FillCenter: 1
  m_FillMethod: 4
  m_FillAmount: 1
  m_FillClockwise: 1
  m_FillOrigin: 0
--- !u!114 &11454442
MonoBehaviour:
  m_ObjectHideFlags: 1
  m_PrefabParentObject: {fileID: 0}
  m_PrefabInternal: {fileID: 100100000}
  m_GameObject: {fileID: 169722}
  m_Enabled: 1
  m_EditorHideFlags: 0
  m_Script: {fileID: 11500000, guid: 6c8b27b7758c913479b2c5313aeea933, type: 3}
  m_Name: 
  m_EditorClassIdentifier: 
  TriggerID: WM-SH
  NeedActivate: 1
  DestroyAfterTrigger: 0
  arriveDirection: 1
  arriveOffset: {x: 0, y: -1, z: 0}
--- !u!114 &11481496
MonoBehaviour:
  m_ObjectHideFlags: 1
  m_PrefabParentObject: {fileID: 0}
  m_PrefabInternal: {fileID: 100100000}
  m_GameObject: {fileID: 102480}
  m_Enabled: 1
  m_EditorHideFlags: 0
  m_Script: {fileID: 11500000, guid: 6c8b27b7758c913479b2c5313aeea933, type: 3}
  m_Name: 
  m_EditorClassIdentifier: 
  TriggerID: WM-RDE-2
  NeedActivate: 1
  DestroyAfterTrigger: 0
  arriveDirection: 0
  arriveOffset: {x: 0, y: 1, z: 0}
--- !u!114 &11485702
MonoBehaviour:
  m_ObjectHideFlags: 1
  m_PrefabParentObject: {fileID: 0}
  m_PrefabInternal: {fileID: 100100000}
  m_GameObject: {fileID: 146576}
  m_Enabled: 1
  m_EditorHideFlags: 0
  m_Script: {fileID: 11500000, guid: 3d5aed96543ec954cb1f51eb90a6d3d1, type: 3}
  m_Name: 
  m_EditorClassIdentifier: 
--- !u!114 &11499524
MonoBehaviour:
  m_ObjectHideFlags: 1
  m_PrefabParentObject: {fileID: 0}
  m_PrefabInternal: {fileID: 100100000}
  m_GameObject: {fileID: 141830}
  m_Enabled: 1
  m_EditorHideFlags: 0
  m_Script: {fileID: 11500000, guid: 6c8b27b7758c913479b2c5313aeea933, type: 3}
  m_Name: 
  m_EditorClassIdentifier: 
  TriggerID: WM-DUN
  NeedActivate: 1
  DestroyAfterTrigger: 0
  arriveDirection: 1
  arriveOffset: {x: 0.5, y: -1, z: 0}
--- !u!212 &21297622
SpriteRenderer:
  m_ObjectHideFlags: 1
  m_PrefabParentObject: {fileID: 0}
  m_PrefabInternal: {fileID: 100100000}
  m_GameObject: {fileID: 177216}
  m_Enabled: 1
  m_CastShadows: 0
  m_ReceiveShadows: 0
  m_Materials:
  - {fileID: 10754, guid: 0000000000000000e000000000000000, type: 0}
  m_SubsetIndices: 
  m_StaticBatchRoot: {fileID: 0}
  m_UseLightProbes: 1
  m_ReflectionProbeUsage: 1
  m_ProbeAnchor: {fileID: 0}
  m_ScaleInLightmap: 1
  m_PreserveUVs: 0
  m_IgnoreNormalsForChartDetection: 0
  m_ImportantGI: 0
  m_MinimumChartSize: 4
  m_AutoUVMaxDistance: 0.5
  m_AutoUVMaxAngle: 89
  m_LightmapParameters: {fileID: 0}
  m_SortingLayerID: 0
  m_SortingOrder: 0
  m_Sprite: {fileID: 21300000, guid: 6d945546424e2954ca57463560b1f3ef, type: 3}
  m_Color: {r: 1, g: 1, b: 1, a: 1}
  m_FlipX: 0
  m_FlipY: 0
--- !u!222 &22255550
CanvasRenderer:
  m_ObjectHideFlags: 1
  m_PrefabParentObject: {fileID: 0}
  m_PrefabInternal: {fileID: 100100000}
  m_GameObject: {fileID: 145256}
--- !u!222 &22260898
CanvasRenderer:
  m_ObjectHideFlags: 1
  m_PrefabParentObject: {fileID: 0}
  m_PrefabInternal: {fileID: 100100000}
  m_GameObject: {fileID: 172746}
--- !u!222 &22263050
CanvasRenderer:
  m_ObjectHideFlags: 1
  m_PrefabParentObject: {fileID: 0}
  m_PrefabInternal: {fileID: 100100000}
  m_GameObject: {fileID: 114768}
--- !u!223 &22367348
Canvas:
  m_ObjectHideFlags: 1
  m_PrefabParentObject: {fileID: 0}
  m_PrefabInternal: {fileID: 100100000}
  m_GameObject: {fileID: 128472}
  m_Enabled: 0
  serializedVersion: 2
  m_RenderMode: 0
  m_Camera: {fileID: 2060816}
  m_PlaneDistance: 100
  m_PixelPerfect: 0
  m_ReceivesEvents: 1
  m_OverrideSorting: 0
  m_OverridePixelPerfect: 0
  m_SortingBucketNormalizedSize: 0
  m_SortingLayerID: 0
  m_SortingOrder: 0
  m_TargetDisplay: 0
--- !u!224 &22464954
RectTransform:
  m_ObjectHideFlags: 1
  m_PrefabParentObject: {fileID: 0}
  m_PrefabInternal: {fileID: 100100000}
  m_GameObject: {fileID: 128472}
  m_LocalRotation: {x: 0, y: 0, z: 0, w: 1}
  m_LocalPosition: {x: 0, y: 0, z: 0}
  m_LocalScale: {x: 0, y: 0, z: 0}
  m_LocalEulerAnglesHint: {x: 0, y: 0, z: 0}
  m_Children:
  - {fileID: 22484980}
  - {fileID: 22479338}
  - {fileID: 22498476}
  m_Father: {fileID: 457866}
  m_RootOrder: 4
  m_AnchorMin: {x: 0, y: 0}
  m_AnchorMax: {x: 0, y: 0}
  m_AnchoredPosition: {x: 0, y: 0}
  m_SizeDelta: {x: 0, y: 0}
  m_Pivot: {x: 0, y: 0}
--- !u!224 &22479338
RectTransform:
  m_ObjectHideFlags: 1
  m_PrefabParentObject: {fileID: 0}
  m_PrefabInternal: {fileID: 100100000}
  m_GameObject: {fileID: 145256}
  m_LocalRotation: {x: 0, y: 0, z: 0, w: 1}
  m_LocalPosition: {x: 0, y: 0, z: 0}
  m_LocalScale: {x: 1, y: 1, z: 1}
  m_LocalEulerAnglesHint: {x: 0, y: 0, z: 0}
  m_Children: []
  m_Father: {fileID: 22464954}
  m_RootOrder: 1
  m_AnchorMin: {x: 0, y: 1}
  m_AnchorMax: {x: 0, y: 1}
  m_AnchoredPosition: {x: 360, y: -12.5}
  m_SizeDelta: {x: 300, y: 25}
  m_Pivot: {x: 0.5, y: 0.5}
--- !u!224 &22484980
RectTransform:
  m_ObjectHideFlags: 1
  m_PrefabParentObject: {fileID: 0}
  m_PrefabInternal: {fileID: 100100000}
  m_GameObject: {fileID: 114768}
  m_LocalRotation: {x: 0, y: 0, z: 0, w: 1}
  m_LocalPosition: {x: 0, y: 0, z: 0}
  m_LocalScale: {x: 1, y: 1, z: 1}
  m_LocalEulerAnglesHint: {x: 0, y: 0, z: 0}
  m_Children: []
  m_Father: {fileID: 22464954}
  m_RootOrder: 0
  m_AnchorMin: {x: 0, y: 1}
  m_AnchorMax: {x: 0, y: 1}
  m_AnchoredPosition: {x: 100, y: -50}
  m_SizeDelta: {x: 200, y: 100}
  m_Pivot: {x: 0.5, y: 0.5}
--- !u!224 &22498476
RectTransform:
  m_ObjectHideFlags: 1
  m_PrefabParentObject: {fileID: 0}
  m_PrefabInternal: {fileID: 100100000}
  m_GameObject: {fileID: 172746}
  m_LocalRotation: {x: 0, y: 0, z: 0, w: 1}
  m_LocalPosition: {x: 0, y: 0, z: 0}
  m_LocalScale: {x: 1, y: 1, z: 1}
  m_LocalEulerAnglesHint: {x: 0, y: 0, z: 0}
  m_Children: []
  m_Father: {fileID: 22464954}
  m_RootOrder: 2
  m_AnchorMin: {x: 0, y: 1}
  m_AnchorMax: {x: 0, y: 1}
  m_AnchoredPosition: {x: 360, y: -62.5}
  m_SizeDelta: {x: 300, y: 75}
  m_Pivot: {x: 0.5, y: 0.5}
--- !u!1001 &100100000
Prefab:
  m_ObjectHideFlags: 1
  serializedVersion: 2
  m_Modification:
    m_TransformParent: {fileID: 0}
    m_Modifications: []
    m_RemovedComponents: []
  m_ParentPrefab: {fileID: 0}
  m_RootGameObject: {fileID: 171782}
  m_IsPrefabParent: 1
