%YAML 1.1
%TAG !u! tag:unity3d.com,2011:
--- !u!1 &101284
GameObject:
  m_ObjectHideFlags: 1
  m_PrefabParentObject: {fileID: 0}
  m_PrefabInternal: {fileID: 100100000}
  serializedVersion: 4
  m_Component:
  - 4: {fileID: 488056}
  m_Layer: 0
  m_Name: Bip001 L Finger42
  m_TagString: Untagged
  m_Icon: {fileID: 0}
  m_NavMeshLayer: 0
  m_StaticEditorFlags: 0
  m_IsActive: 1
--- !u!1 &102392
GameObject:
  m_ObjectHideFlags: 1
  m_PrefabParentObject: {fileID: 0}
  m_PrefabInternal: {fileID: 100100000}
  serializedVersion: 4
  m_Component:
  - 4: {fileID: 467882}
  m_Layer: 0
  m_Name: Bip001 L Finger12
  m_TagString: Untagged
  m_Icon: {fileID: 0}
  m_NavMeshLayer: 0
  m_StaticEditorFlags: 0
  m_IsActive: 1
--- !u!1 &104770
GameObject:
  m_ObjectHideFlags: 1
  m_PrefabParentObject: {fileID: 0}
  m_PrefabInternal: {fileID: 100100000}
  serializedVersion: 4
  m_Component:
  - 4: {fileID: 426638}
  m_Layer: 0
  m_Name: Bip001 L Finger32
  m_TagString: Untagged
  m_Icon: {fileID: 0}
  m_NavMeshLayer: 0
  m_StaticEditorFlags: 0
  m_IsActive: 1
--- !u!1 &104882
GameObject:
  m_ObjectHideFlags: 1
  m_PrefabParentObject: {fileID: 0}
  m_PrefabInternal: {fileID: 100100000}
  serializedVersion: 4
  m_Component:
  - 4: {fileID: 465060}
  m_Layer: 0
  m_Name: Bip001 L Calf
  m_TagString: Untagged
  m_Icon: {fileID: 0}
  m_NavMeshLayer: 0
  m_StaticEditorFlags: 0
  m_IsActive: 1
--- !u!1 &104952
GameObject:
  m_ObjectHideFlags: 1
  m_PrefabParentObject: {fileID: 0}
  m_PrefabInternal: {fileID: 100100000}
  serializedVersion: 4
  m_Component:
  - 4: {fileID: 450676}
  m_Layer: 0
  m_Name: Bip001 Head
  m_TagString: Untagged
  m_Icon: {fileID: 0}
  m_NavMeshLayer: 0
  m_StaticEditorFlags: 0
  m_IsActive: 1
--- !u!1 &105202
GameObject:
  m_ObjectHideFlags: 1
  m_PrefabParentObject: {fileID: 0}
  m_PrefabInternal: {fileID: 100100000}
  serializedVersion: 4
  m_Component:
  - 4: {fileID: 422522}
  m_Layer: 0
  m_Name: Bip001 L Finger11
  m_TagString: Untagged
  m_Icon: {fileID: 0}
  m_NavMeshLayer: 0
  m_StaticEditorFlags: 0
  m_IsActive: 1
--- !u!1 &107990
GameObject:
  m_ObjectHideFlags: 1
  m_PrefabParentObject: {fileID: 0}
  m_PrefabInternal: {fileID: 100100000}
  serializedVersion: 4
  m_Component:
  - 4: {fileID: 414268}
  m_Layer: 0
  m_Name: Bip001 L Finger2
  m_TagString: Untagged
  m_Icon: {fileID: 0}
  m_NavMeshLayer: 0
  m_StaticEditorFlags: 0
  m_IsActive: 1
--- !u!1 &109688
GameObject:
  m_ObjectHideFlags: 0
  m_PrefabParentObject: {fileID: 0}
  m_PrefabInternal: {fileID: 100100000}
  serializedVersion: 4
  m_Component:
  - 4: {fileID: 497706}
  m_Layer: 0
  m_Name: HLP_Hit_Area
  m_TagString: Untagged
  m_Icon: {fileID: 0}
  m_NavMeshLayer: 0
  m_StaticEditorFlags: 0
  m_IsActive: 1
--- !u!1 &110202
GameObject:
  m_ObjectHideFlags: 1
  m_PrefabParentObject: {fileID: 0}
  m_PrefabInternal: {fileID: 100100000}
  serializedVersion: 4
  m_Component:
  - 4: {fileID: 466056}
  m_Layer: 0
  m_Name: Bip001 Xtra01
  m_TagString: Untagged
  m_Icon: {fileID: 0}
  m_NavMeshLayer: 0
  m_StaticEditorFlags: 0
  m_IsActive: 1
--- !u!1 &110788
GameObject:
  m_ObjectHideFlags: 1
  m_PrefabParentObject: {fileID: 0}
  m_PrefabInternal: {fileID: 100100000}
  serializedVersion: 4
  m_Component:
  - 4: {fileID: 460410}
  m_Layer: 0
  m_Name: Bip001 L Finger41
  m_TagString: Untagged
  m_Icon: {fileID: 0}
  m_NavMeshLayer: 0
  m_StaticEditorFlags: 0
  m_IsActive: 1
--- !u!1 &112058
GameObject:
  m_ObjectHideFlags: 1
  m_PrefabParentObject: {fileID: 0}
  m_PrefabInternal: {fileID: 100100000}
  serializedVersion: 4
  m_Component:
  - 4: {fileID: 472392}
  m_Layer: 0
  m_Name: Bip001 R Finger42
  m_TagString: Untagged
  m_Icon: {fileID: 0}
  m_NavMeshLayer: 0
  m_StaticEditorFlags: 0
  m_IsActive: 1
--- !u!1 &113282
GameObject:
  m_ObjectHideFlags: 0
  m_PrefabParentObject: {fileID: 0}
  m_PrefabInternal: {fileID: 100100000}
  serializedVersion: 4
  m_Component:
  - 4: {fileID: 422068}
  - 95: {fileID: 9590718}
  - 136: {fileID: 13652160}
  - 114: {fileID: 11410388}
  m_Layer: 0
  m_Name: Knight_Riot_Random
  m_TagString: Untagged
  m_Icon: {fileID: 0}
  m_NavMeshLayer: 0
  m_StaticEditorFlags: 0
  m_IsActive: 1
--- !u!1 &114728
GameObject:
  m_ObjectHideFlags: 0
  m_PrefabParentObject: {fileID: 0}
  m_PrefabInternal: {fileID: 100100000}
  serializedVersion: 4
  m_Component:
  - 4: {fileID: 490374}
  m_Layer: 0
  m_Name: HLP_Hit_Range
  m_TagString: Untagged
  m_Icon: {fileID: 0}
  m_NavMeshLayer: 0
  m_StaticEditorFlags: 0
  m_IsActive: 1
--- !u!1 &115672
GameObject:
  m_ObjectHideFlags: 1
  m_PrefabParentObject: {fileID: 0}
  m_PrefabInternal: {fileID: 100100000}
  serializedVersion: 4
  m_Component:
  - 4: {fileID: 407540}
  m_Layer: 0
  m_Name: Bip001 R Forearm
  m_TagString: Untagged
  m_Icon: {fileID: 0}
  m_NavMeshLayer: 0
  m_StaticEditorFlags: 0
  m_IsActive: 1
--- !u!1 &118284
GameObject:
  m_ObjectHideFlags: 1
  m_PrefabParentObject: {fileID: 0}
  m_PrefabInternal: {fileID: 100100000}
  serializedVersion: 4
  m_Component:
  - 4: {fileID: 469430}
  m_Layer: 0
  m_Name: Bip001 L Finger22
  m_TagString: Untagged
  m_Icon: {fileID: 0}
  m_NavMeshLayer: 0
  m_StaticEditorFlags: 0
  m_IsActive: 1
--- !u!1 &118820
GameObject:
  m_ObjectHideFlags: 1
  m_PrefabParentObject: {fileID: 0}
  m_PrefabInternal: {fileID: 100100000}
  serializedVersion: 4
  m_Component:
  - 4: {fileID: 438612}
  m_Layer: 0
  m_Name: Bip001 R Calf
  m_TagString: Untagged
  m_Icon: {fileID: 0}
  m_NavMeshLayer: 0
  m_StaticEditorFlags: 0
  m_IsActive: 1
--- !u!1 &119648
GameObject:
  m_ObjectHideFlags: 1
  m_PrefabParentObject: {fileID: 0}
  m_PrefabInternal: {fileID: 100100000}
  serializedVersion: 4
  m_Component:
  - 4: {fileID: 419550}
  m_Layer: 0
  m_Name: Bip001 R Thigh
  m_TagString: Untagged
  m_Icon: {fileID: 0}
  m_NavMeshLayer: 0
  m_StaticEditorFlags: 0
  m_IsActive: 1
--- !u!1 &125204
GameObject:
  m_ObjectHideFlags: 1
  m_PrefabParentObject: {fileID: 0}
  m_PrefabInternal: {fileID: 100100000}
  serializedVersion: 4
  m_Component:
  - 4: {fileID: 424352}
  m_Layer: 0
  m_Name: Bip001 R Hand
  m_TagString: Untagged
  m_Icon: {fileID: 0}
  m_NavMeshLayer: 0
  m_StaticEditorFlags: 0
  m_IsActive: 1
--- !u!1 &131588
GameObject:
  m_ObjectHideFlags: 1
  m_PrefabParentObject: {fileID: 0}
  m_PrefabInternal: {fileID: 100100000}
  serializedVersion: 4
  m_Component:
  - 4: {fileID: 463444}
  m_Layer: 0
  m_Name: Bip001 L Finger4
  m_TagString: Untagged
  m_Icon: {fileID: 0}
  m_NavMeshLayer: 0
  m_StaticEditorFlags: 0
  m_IsActive: 1
--- !u!1 &132032
GameObject:
  m_ObjectHideFlags: 1
  m_PrefabParentObject: {fileID: 0}
  m_PrefabInternal: {fileID: 100100000}
  serializedVersion: 4
  m_Component:
  - 4: {fileID: 499336}
  m_Layer: 0
  m_Name: Bip001 L UpperArm
  m_TagString: Untagged
  m_Icon: {fileID: 0}
  m_NavMeshLayer: 0
  m_StaticEditorFlags: 0
  m_IsActive: 1
--- !u!1 &132234
GameObject:
  m_ObjectHideFlags: 1
  m_PrefabParentObject: {fileID: 0}
  m_PrefabInternal: {fileID: 100100000}
  serializedVersion: 4
  m_Component:
  - 4: {fileID: 481702}
  m_Layer: 0
  m_Name: Bip001 R Finger12
  m_TagString: Untagged
  m_Icon: {fileID: 0}
  m_NavMeshLayer: 0
  m_StaticEditorFlags: 0
  m_IsActive: 1
--- !u!1 &135922
GameObject:
  m_ObjectHideFlags: 1
  m_PrefabParentObject: {fileID: 0}
  m_PrefabInternal: {fileID: 100100000}
  serializedVersion: 4
  m_Component:
  - 4: {fileID: 408830}
  m_Layer: 0
  m_Name: Bip001 L Finger02
  m_TagString: Untagged
  m_Icon: {fileID: 0}
  m_NavMeshLayer: 0
  m_StaticEditorFlags: 0
  m_IsActive: 1
--- !u!1 &136886
GameObject:
  m_ObjectHideFlags: 1
  m_PrefabParentObject: {fileID: 0}
  m_PrefabInternal: {fileID: 100100000}
  serializedVersion: 4
  m_Component:
  - 4: {fileID: 484446}
  m_Layer: 0
  m_Name: Bip001 Xtra02Opp
  m_TagString: Untagged
  m_Icon: {fileID: 0}
  m_NavMeshLayer: 0
  m_StaticEditorFlags: 0
  m_IsActive: 1
--- !u!1 &137450
GameObject:
  m_ObjectHideFlags: 0
  m_PrefabParentObject: {fileID: 0}
  m_PrefabInternal: {fileID: 100100000}
  serializedVersion: 4
  m_Component:
  - 4: {fileID: 498500}
  - 137: {fileID: 13706712}
  m_Layer: 0
  m_Name: NPC_Knight_Body
  m_TagString: Untagged
  m_Icon: {fileID: 0}
  m_NavMeshLayer: 0
  m_StaticEditorFlags: 0
  m_IsActive: 1
--- !u!1 &138536
GameObject:
  m_ObjectHideFlags: 1
  m_PrefabParentObject: {fileID: 0}
  m_PrefabInternal: {fileID: 100100000}
  serializedVersion: 4
  m_Component:
  - 4: {fileID: 424612}
  m_Layer: 0
  m_Name: Bip001 L Thigh
  m_TagString: Untagged
  m_Icon: {fileID: 0}
  m_NavMeshLayer: 0
  m_StaticEditorFlags: 0
  m_IsActive: 1
--- !u!1 &139186
GameObject:
  m_ObjectHideFlags: 1
  m_PrefabParentObject: {fileID: 0}
  m_PrefabInternal: {fileID: 100100000}
  serializedVersion: 4
  m_Component:
  - 4: {fileID: 473476}
  m_Layer: 0
  m_Name: Bip001 Xtra02
  m_TagString: Untagged
  m_Icon: {fileID: 0}
  m_NavMeshLayer: 0
  m_StaticEditorFlags: 0
  m_IsActive: 1
--- !u!1 &140360
GameObject:
  m_ObjectHideFlags: 1
  m_PrefabParentObject: {fileID: 0}
  m_PrefabInternal: {fileID: 100100000}
  serializedVersion: 4
  m_Component:
  - 4: {fileID: 475612}
  m_Layer: 0
  m_Name: Bip001 L Finger21
  m_TagString: Untagged
  m_Icon: {fileID: 0}
  m_NavMeshLayer: 0
  m_StaticEditorFlags: 0
  m_IsActive: 1
--- !u!1 &141524
GameObject:
  m_ObjectHideFlags: 1
  m_PrefabParentObject: {fileID: 0}
  m_PrefabInternal: {fileID: 100100000}
  serializedVersion: 4
  m_Component:
  - 4: {fileID: 430330}
  m_Layer: 0
  m_Name: Bip001 R Finger01
  m_TagString: Untagged
  m_Icon: {fileID: 0}
  m_NavMeshLayer: 0
  m_StaticEditorFlags: 0
  m_IsActive: 1
--- !u!1 &142806
GameObject:
  m_ObjectHideFlags: 1
  m_PrefabParentObject: {fileID: 0}
  m_PrefabInternal: {fileID: 100100000}
  serializedVersion: 4
  m_Component:
  - 4: {fileID: 466906}
  m_Layer: 0
  m_Name: Bip001 L Hand
  m_TagString: Untagged
  m_Icon: {fileID: 0}
  m_NavMeshLayer: 0
  m_StaticEditorFlags: 0
  m_IsActive: 1
--- !u!1 &143352
GameObject:
  m_ObjectHideFlags: 1
  m_PrefabParentObject: {fileID: 0}
  m_PrefabInternal: {fileID: 100100000}
  serializedVersion: 4
  m_Component:
  - 4: {fileID: 475816}
  m_Layer: 0
  m_Name: Bip001 Pelvis
  m_TagString: Untagged
  m_Icon: {fileID: 0}
  m_NavMeshLayer: 0
  m_StaticEditorFlags: 0
  m_IsActive: 1
--- !u!1 &148884
GameObject:
  m_ObjectHideFlags: 1
  m_PrefabParentObject: {fileID: 0}
  m_PrefabInternal: {fileID: 100100000}
  serializedVersion: 4
  m_Component:
  - 4: {fileID: 478070}
  m_Layer: 0
  m_Name: Bip001 Xtra03
  m_TagString: Untagged
  m_Icon: {fileID: 0}
  m_NavMeshLayer: 0
  m_StaticEditorFlags: 0
  m_IsActive: 1
--- !u!1 &150040
GameObject:
  m_ObjectHideFlags: 1
  m_PrefabParentObject: {fileID: 0}
  m_PrefabInternal: {fileID: 100100000}
  serializedVersion: 4
  m_Component:
  - 4: {fileID: 408128}
  m_Layer: 0
  m_Name: Bip001 L Toe0
  m_TagString: Untagged
  m_Icon: {fileID: 0}
  m_NavMeshLayer: 0
  m_StaticEditorFlags: 0
  m_IsActive: 1
--- !u!1 &151576
GameObject:
  m_ObjectHideFlags: 1
  m_PrefabParentObject: {fileID: 0}
  m_PrefabInternal: {fileID: 100100000}
  serializedVersion: 4
  m_Component:
  - 4: {fileID: 459154}
  m_Layer: 0
  m_Name: Bip001 L Finger3
  m_TagString: Untagged
  m_Icon: {fileID: 0}
  m_NavMeshLayer: 0
  m_StaticEditorFlags: 0
  m_IsActive: 1
--- !u!1 &151854
GameObject:
  m_ObjectHideFlags: 1
  m_PrefabParentObject: {fileID: 0}
  m_PrefabInternal: {fileID: 100100000}
  serializedVersion: 4
  m_Component:
  - 4: {fileID: 441936}
  m_Layer: 0
  m_Name: Bip001 R Finger11
  m_TagString: Untagged
  m_Icon: {fileID: 0}
  m_NavMeshLayer: 0
  m_StaticEditorFlags: 0
  m_IsActive: 1
--- !u!1 &152760
GameObject:
  m_ObjectHideFlags: 1
  m_PrefabParentObject: {fileID: 0}
  m_PrefabInternal: {fileID: 100100000}
  serializedVersion: 4
  m_Component:
  - 4: {fileID: 440232}
  m_Layer: 0
  m_Name: Bip001 Spine2
  m_TagString: Untagged
  m_Icon: {fileID: 0}
  m_NavMeshLayer: 0
  m_StaticEditorFlags: 0
  m_IsActive: 1
--- !u!1 &153186
GameObject:
  m_ObjectHideFlags: 1
  m_PrefabParentObject: {fileID: 0}
  m_PrefabInternal: {fileID: 100100000}
  serializedVersion: 4
  m_Component:
  - 4: {fileID: 408474}
  m_Layer: 0
  m_Name: Bip001 R Finger21
  m_TagString: Untagged
  m_Icon: {fileID: 0}
  m_NavMeshLayer: 0
  m_StaticEditorFlags: 0
  m_IsActive: 1
--- !u!1 &154490
GameObject:
  m_ObjectHideFlags: 1
  m_PrefabParentObject: {fileID: 0}
  m_PrefabInternal: {fileID: 100100000}
  serializedVersion: 4
  m_Component:
  - 4: {fileID: 469996}
  m_Layer: 0
  m_Name: Bip001 L Clavicle
  m_TagString: Untagged
  m_Icon: {fileID: 0}
  m_NavMeshLayer: 0
  m_StaticEditorFlags: 0
  m_IsActive: 1
--- !u!1 &157072
GameObject:
  m_ObjectHideFlags: 1
  m_PrefabParentObject: {fileID: 0}
  m_PrefabInternal: {fileID: 100100000}
  serializedVersion: 4
  m_Component:
  - 4: {fileID: 407876}
  m_Layer: 0
  m_Name: Bip001 R Toe0
  m_TagString: Untagged
  m_Icon: {fileID: 0}
  m_NavMeshLayer: 0
  m_StaticEditorFlags: 0
  m_IsActive: 1
--- !u!1 &158532
GameObject:
  m_ObjectHideFlags: 1
  m_PrefabParentObject: {fileID: 0}
  m_PrefabInternal: {fileID: 100100000}
  serializedVersion: 4
  m_Component:
  - 4: {fileID: 496080}
  m_Layer: 0
  m_Name: Bip001 R Finger41
  m_TagString: Untagged
  m_Icon: {fileID: 0}
  m_NavMeshLayer: 0
  m_StaticEditorFlags: 0
  m_IsActive: 1
--- !u!1 &162446
GameObject:
  m_ObjectHideFlags: 1
  m_PrefabParentObject: {fileID: 0}
  m_PrefabInternal: {fileID: 100100000}
  serializedVersion: 4
  m_Component:
  - 4: {fileID: 422292}
  m_Layer: 0
  m_Name: Bip001 R Finger0
  m_TagString: Untagged
  m_Icon: {fileID: 0}
  m_NavMeshLayer: 0
  m_StaticEditorFlags: 0
  m_IsActive: 1
--- !u!1 &162490
GameObject:
  m_ObjectHideFlags: 1
  m_PrefabParentObject: {fileID: 0}
  m_PrefabInternal: {fileID: 100100000}
  serializedVersion: 4
  m_Component:
  - 4: {fileID: 420388}
  m_Layer: 0
  m_Name: Bip001 Neck
  m_TagString: Untagged
  m_Icon: {fileID: 0}
  m_NavMeshLayer: 0
  m_StaticEditorFlags: 0
  m_IsActive: 1
--- !u!1 &162496
GameObject:
  m_ObjectHideFlags: 1
  m_PrefabParentObject: {fileID: 0}
  m_PrefabInternal: {fileID: 100100000}
  serializedVersion: 4
  m_Component:
  - 4: {fileID: 448544}
  m_Layer: 0
  m_Name: Bip001 L Foot
  m_TagString: Untagged
  m_Icon: {fileID: 0}
  m_NavMeshLayer: 0
  m_StaticEditorFlags: 0
  m_IsActive: 1
--- !u!1 &165302
GameObject:
  m_ObjectHideFlags: 1
  m_PrefabParentObject: {fileID: 0}
  m_PrefabInternal: {fileID: 100100000}
  serializedVersion: 4
  m_Component:
  - 4: {fileID: 412262}
  m_Layer: 0
  m_Name: Bip001 R Finger3
  m_TagString: Untagged
  m_Icon: {fileID: 0}
  m_NavMeshLayer: 0
  m_StaticEditorFlags: 0
  m_IsActive: 1
--- !u!1 &165550
GameObject:
  m_ObjectHideFlags: 1
  m_PrefabParentObject: {fileID: 0}
  m_PrefabInternal: {fileID: 100100000}
  serializedVersion: 4
  m_Component:
  - 4: {fileID: 408638}
  m_Layer: 0
  m_Name: Bip001 L Finger0
  m_TagString: Untagged
  m_Icon: {fileID: 0}
  m_NavMeshLayer: 0
  m_StaticEditorFlags: 0
  m_IsActive: 1
--- !u!1 &166938
GameObject:
  m_ObjectHideFlags: 1
  m_PrefabParentObject: {fileID: 0}
  m_PrefabInternal: {fileID: 100100000}
  serializedVersion: 4
  m_Component:
  - 4: {fileID: 434990}
  m_Layer: 0
  m_Name: HLP_R_Hand
  m_TagString: Untagged
  m_Icon: {fileID: 0}
  m_NavMeshLayer: 0
  m_StaticEditorFlags: 0
  m_IsActive: 1
--- !u!1 &168688
GameObject:
  m_ObjectHideFlags: 1
  m_PrefabParentObject: {fileID: 0}
  m_PrefabInternal: {fileID: 100100000}
  serializedVersion: 4
  m_Component:
  - 4: {fileID: 429354}
  m_Layer: 0
  m_Name: Bip001 R Finger4
  m_TagString: Untagged
  m_Icon: {fileID: 0}
  m_NavMeshLayer: 0
  m_StaticEditorFlags: 0
  m_IsActive: 1
--- !u!1 &168736
GameObject:
  m_ObjectHideFlags: 1
  m_PrefabParentObject: {fileID: 0}
  m_PrefabInternal: {fileID: 100100000}
  serializedVersion: 4
  m_Component:
  - 4: {fileID: 456866}
  m_Layer: 0
  m_Name: Bip001 L Finger1
  m_TagString: Untagged
  m_Icon: {fileID: 0}
  m_NavMeshLayer: 0
  m_StaticEditorFlags: 0
  m_IsActive: 1
--- !u!1 &169890
GameObject:
  m_ObjectHideFlags: 1
  m_PrefabParentObject: {fileID: 0}
  m_PrefabInternal: {fileID: 100100000}
  serializedVersion: 4
  m_Component:
  - 4: {fileID: 428554}
  m_Layer: 0
  m_Name: Bip001 R Finger22
  m_TagString: Untagged
  m_Icon: {fileID: 0}
  m_NavMeshLayer: 0
  m_StaticEditorFlags: 0
  m_IsActive: 1
--- !u!1 &171128
GameObject:
  m_ObjectHideFlags: 1
  m_PrefabParentObject: {fileID: 0}
  m_PrefabInternal: {fileID: 100100000}
  serializedVersion: 4
  m_Component:
  - 4: {fileID: 497452}
  m_Layer: 0
  m_Name: Bip001 R Finger31
  m_TagString: Untagged
  m_Icon: {fileID: 0}
  m_NavMeshLayer: 0
  m_StaticEditorFlags: 0
  m_IsActive: 1
--- !u!1 &171788
GameObject:
  m_ObjectHideFlags: 1
  m_PrefabParentObject: {fileID: 0}
  m_PrefabInternal: {fileID: 100100000}
  serializedVersion: 4
  m_Component:
  - 4: {fileID: 422006}
  m_Layer: 0
  m_Name: Bip001 R Finger32
  m_TagString: Untagged
  m_Icon: {fileID: 0}
  m_NavMeshLayer: 0
  m_StaticEditorFlags: 0
  m_IsActive: 1
--- !u!1 &173350
GameObject:
  m_ObjectHideFlags: 1
  m_PrefabParentObject: {fileID: 0}
  m_PrefabInternal: {fileID: 100100000}
  serializedVersion: 4
  m_Component:
  - 4: {fileID: 466184}
  m_Layer: 0
  m_Name: Bip001 R Foot
  m_TagString: Untagged
  m_Icon: {fileID: 0}
  m_NavMeshLayer: 0
  m_StaticEditorFlags: 0
  m_IsActive: 1
--- !u!1 &174088
GameObject:
  m_ObjectHideFlags: 1
  m_PrefabParentObject: {fileID: 0}
  m_PrefabInternal: {fileID: 100100000}
  serializedVersion: 4
  m_Component:
  - 4: {fileID: 476010}
  m_Layer: 0
  m_Name: Bip001 Spine1
  m_TagString: Untagged
  m_Icon: {fileID: 0}
  m_NavMeshLayer: 0
  m_StaticEditorFlags: 0
  m_IsActive: 1
--- !u!1 &175230
GameObject:
  m_ObjectHideFlags: 1
  m_PrefabParentObject: {fileID: 0}
  m_PrefabInternal: {fileID: 100100000}
  serializedVersion: 4
  m_Component:
  - 4: {fileID: 474776}
  m_Layer: 0
  m_Name: Bip001 Spine
  m_TagString: Untagged
  m_Icon: {fileID: 0}
  m_NavMeshLayer: 0
  m_StaticEditorFlags: 0
  m_IsActive: 1
--- !u!1 &176160
GameObject:
  m_ObjectHideFlags: 1
  m_PrefabParentObject: {fileID: 0}
  m_PrefabInternal: {fileID: 100100000}
  serializedVersion: 4
  m_Component:
  - 4: {fileID: 491252}
  m_Layer: 0
  m_Name: Bip001 L Finger31
  m_TagString: Untagged
  m_Icon: {fileID: 0}
  m_NavMeshLayer: 0
  m_StaticEditorFlags: 0
  m_IsActive: 1
--- !u!1 &179024
GameObject:
  m_ObjectHideFlags: 0
  m_PrefabParentObject: {fileID: 0}
  m_PrefabInternal: {fileID: 100100000}
  serializedVersion: 4
  m_Component:
  - 4: {fileID: 493832}
  m_Layer: 0
  m_Name: Bip001
  m_TagString: Untagged
  m_Icon: {fileID: 0}
  m_NavMeshLayer: 0
  m_StaticEditorFlags: 0
  m_IsActive: 1
--- !u!1 &179698
GameObject:
  m_ObjectHideFlags: 1
  m_PrefabParentObject: {fileID: 0}
  m_PrefabInternal: {fileID: 100100000}
  serializedVersion: 4
  m_Component:
  - 4: {fileID: 454834}
  m_Layer: 0
  m_Name: Bip001 R Finger1
  m_TagString: Untagged
  m_Icon: {fileID: 0}
  m_NavMeshLayer: 0
  m_StaticEditorFlags: 0
  m_IsActive: 1
--- !u!1 &179746
GameObject:
  m_ObjectHideFlags: 1
  m_PrefabParentObject: {fileID: 0}
  m_PrefabInternal: {fileID: 100100000}
  serializedVersion: 4
  m_Component:
  - 4: {fileID: 448586}
  - 33: {fileID: 3347180}
  - 23: {fileID: 2328032}
  m_Layer: 0
  m_Name: NPC_Knight_Spear_Model
  m_TagString: Untagged
  m_Icon: {fileID: 0}
  m_NavMeshLayer: 0
  m_StaticEditorFlags: 0
  m_IsActive: 1
--- !u!1 &186082
GameObject:
  m_ObjectHideFlags: 1
  m_PrefabParentObject: {fileID: 0}
  m_PrefabInternal: {fileID: 100100000}
  serializedVersion: 4
  m_Component:
  - 4: {fileID: 456930}
  m_Layer: 0
  m_Name: Bip001 L Finger01
  m_TagString: Untagged
  m_Icon: {fileID: 0}
  m_NavMeshLayer: 0
  m_StaticEditorFlags: 0
  m_IsActive: 1
--- !u!1 &186908
GameObject:
  m_ObjectHideFlags: 1
  m_PrefabParentObject: {fileID: 0}
  m_PrefabInternal: {fileID: 100100000}
  serializedVersion: 4
  m_Component:
  - 4: {fileID: 483712}
  m_Layer: 0
  m_Name: Bip001 R UpperArm
  m_TagString: Untagged
  m_Icon: {fileID: 0}
  m_NavMeshLayer: 0
  m_StaticEditorFlags: 0
  m_IsActive: 1
--- !u!1 &188308
GameObject:
  m_ObjectHideFlags: 1
  m_PrefabParentObject: {fileID: 0}
  m_PrefabInternal: {fileID: 100100000}
  serializedVersion: 4
  m_Component:
  - 4: {fileID: 418850}
  m_Layer: 0
  m_Name: Bip001 R Clavicle
  m_TagString: Untagged
  m_Icon: {fileID: 0}
  m_NavMeshLayer: 0
  m_StaticEditorFlags: 0
  m_IsActive: 1
--- !u!1 &189796
GameObject:
  m_ObjectHideFlags: 1
  m_PrefabParentObject: {fileID: 0}
  m_PrefabInternal: {fileID: 100100000}
  serializedVersion: 4
  m_Component:
  - 4: {fileID: 450726}
  m_Layer: 0
  m_Name: Bip001 R Finger02
  m_TagString: Untagged
  m_Icon: {fileID: 0}
  m_NavMeshLayer: 0
  m_StaticEditorFlags: 0
  m_IsActive: 1
--- !u!1 &193232
GameObject:
  m_ObjectHideFlags: 1
  m_PrefabParentObject: {fileID: 0}
  m_PrefabInternal: {fileID: 100100000}
  serializedVersion: 4
  m_Component:
  - 4: {fileID: 467078}
  m_Layer: 0
  m_Name: Bip001 L Forearm
  m_TagString: Untagged
  m_Icon: {fileID: 0}
  m_NavMeshLayer: 0
  m_StaticEditorFlags: 0
  m_IsActive: 1
--- !u!1 &194556
GameObject:
  m_ObjectHideFlags: 1
  m_PrefabParentObject: {fileID: 0}
  m_PrefabInternal: {fileID: 100100000}
  serializedVersion: 4
  m_Component:
  - 4: {fileID: 427402}
  m_Layer: 0
  m_Name: Bip001 R Finger2
  m_TagString: Untagged
  m_Icon: {fileID: 0}
  m_NavMeshLayer: 0
  m_StaticEditorFlags: 0
  m_IsActive: 1
--- !u!4 &407540
Transform:
  m_ObjectHideFlags: 1
  m_PrefabParentObject: {fileID: 0}
  m_PrefabInternal: {fileID: 100100000}
  m_GameObject: {fileID: 115672}
  m_LocalRotation: {x: 0.000000042287066, y: 0.000000014498488, z: 0.32432562, w: 0.9459455}
  m_LocalPosition: {x: -0.27364013, y: -0.000000030517576, z: 0}
  m_LocalScale: {x: 0.99999994, y: 0.9999999, z: 1}
  m_LocalEulerAnglesHint: {x: 0, y: 0, z: 37.8494}
  m_Children:
  - {fileID: 424352}
  m_Father: {fileID: 483712}
  m_RootOrder: 0
--- !u!4 &407876
Transform:
  m_ObjectHideFlags: 1
  m_PrefabParentObject: {fileID: 0}
  m_PrefabInternal: {fileID: 100100000}
  m_GameObject: {fileID: 157072}
  m_LocalRotation: {x: -0.00000003698911, y: -0.0000000047297006, z: -0.7071068, w: 0.7071068}
  m_LocalPosition: {x: -0.10776579, y: 0.15457767, z: 0}
  m_LocalScale: {x: 0.99999994, y: 1, z: 0.99999994}
  m_LocalEulerAnglesHint: {x: 0, y: 0, z: -90}
  m_Children: []
  m_Father: {fileID: 466184}
  m_RootOrder: 0
--- !u!4 &408128
Transform:
  m_ObjectHideFlags: 1
  m_PrefabParentObject: {fileID: 0}
  m_PrefabInternal: {fileID: 100100000}
  m_GameObject: {fileID: 150040}
  m_LocalRotation: {x: 0.000000026108541, y: -0.000000005491698, z: -0.7071068, w: 0.7071068}
  m_LocalPosition: {x: -0.107765794, y: 0.15457769, z: 0.000000015258788}
  m_LocalScale: {x: 1.0000001, y: 1.0000001, z: 1}
  m_LocalEulerAnglesHint: {x: 0, y: 0, z: -90}
  m_Children: []
  m_Father: {fileID: 448544}
  m_RootOrder: 0
--- !u!4 &408474
Transform:
  m_ObjectHideFlags: 1
  m_PrefabParentObject: {fileID: 0}
  m_PrefabInternal: {fileID: 100100000}
  m_GameObject: {fileID: 153186}
  m_LocalRotation: {x: 0.000000007977884, y: -0.00000001593815, z: -0.11640222, w: 0.9932022}
  m_LocalPosition: {x: -0.048283566, y: -0.00000006103515, z: -0.000000015258788}
  m_LocalScale: {x: 1.0000001, y: 1, z: 1}
  m_LocalEulerAnglesHint: {x: 0, y: 0, z: -13.3689995}
  m_Children:
  - {fileID: 428554}
  m_Father: {fileID: 427402}
  m_RootOrder: 0
--- !u!4 &408638
Transform:
  m_ObjectHideFlags: 1
  m_PrefabParentObject: {fileID: 0}
  m_PrefabInternal: {fileID: 100100000}
  m_GameObject: {fileID: 165550}
  m_LocalRotation: {x: 0.73947155, y: -0.32627863, z: 0.028087094, w: 0.5881626}
  m_LocalPosition: {x: -0.02234326, y: 0.013505614, z: -0.039504103}
  m_LocalScale: {x: 0.9999998, y: 0.9999999, z: 0.9999999}
  m_LocalEulerAnglesHint: {x: 62.646397, y: -131.84889, z: -101.959496}
  m_Children:
  - {fileID: 456930}
  m_Father: {fileID: 466906}
  m_RootOrder: 0
--- !u!4 &408830
Transform:
  m_ObjectHideFlags: 1
  m_PrefabParentObject: {fileID: 0}
  m_PrefabInternal: {fileID: 100100000}
  m_GameObject: {fileID: 135922}
  m_LocalRotation: {x: -0.000000007788795, y: 0.000000022236144, z: 0.015169845, w: 0.99988496}
  m_LocalPosition: {x: -0.034033872, y: -0.00000006103515, z: 0}
  m_LocalScale: {x: 1.0000001, y: 1.0000001, z: 1.0000001}
  m_LocalEulerAnglesHint: {x: 0, y: 0, z: 1.7384}
  m_Children: []
  m_Father: {fileID: 456930}
  m_RootOrder: 0
--- !u!4 &412262
Transform:
  m_ObjectHideFlags: 1
  m_PrefabParentObject: {fileID: 0}
  m_PrefabInternal: {fileID: 100100000}
  m_GameObject: {fileID: 165302}
  m_LocalRotation: {x: 0.09384511, y: -0.004078357, z: -0.043595653, w: 0.9946235}
  m_LocalPosition: {x: -0.088281, y: 0.015038573, z: -0.023291945}
  m_LocalScale: {x: 1.0000001, y: 1, z: 0.99999994}
  m_LocalEulerAnglesHint: {x: 10.7383995, y: -0.9503, z: -5.1088}
  m_Children:
  - {fileID: 497452}
  m_Father: {fileID: 424352}
  m_RootOrder: 3
--- !u!4 &414268
Transform:
  m_ObjectHideFlags: 1
  m_PrefabParentObject: {fileID: 0}
  m_PrefabInternal: {fileID: 100100000}
  m_GameObject: {fileID: 107990}
  m_LocalRotation: {x: -0.0078782085, y: -0.043048095, z: -0.17141815, w: 0.98422587}
  m_LocalPosition: {x: -0.09049206, y: -0.00000061035155, z: -0.0007023315}
  m_LocalScale: {x: 0.9999999, y: 1, z: 0.99999994}
  m_LocalEulerAnglesHint: {x: -1.7343999, y: -4.7079, z: -19.6884}
  m_Children:
  - {fileID: 475612}
  m_Father: {fileID: 466906}
  m_RootOrder: 2
--- !u!4 &418850
Transform:
  m_ObjectHideFlags: 1
  m_PrefabParentObject: {fileID: 0}
  m_PrefabInternal: {fileID: 100100000}
  m_GameObject: {fileID: 188308}
  m_LocalRotation: {x: 0.6612892, y: 0.25039095, z: 0.66128993, w: -0.2503928}
  m_LocalPosition: {x: 0.04066638, y: 0.07821362, z: -0.048919465}
  m_LocalScale: {x: 1, y: 0.9999999, z: 0.9999999}
  m_LocalEulerAnglesHint: {x: -41.477497, y: 89.9999, z: -179.9998}
  m_Children:
  - {fileID: 483712}
  m_Father: {fileID: 420388}
  m_RootOrder: 2
--- !u!4 &419550
Transform:
  m_ObjectHideFlags: 1
  m_PrefabParentObject: {fileID: 0}
  m_PrefabInternal: {fileID: 100100000}
  m_GameObject: {fileID: 119648}
  m_LocalRotation: {x: 0.043166637, y: 0.99690056, z: -0.0018273256, w: -0.06574649}
  m_LocalPosition: {x: 0.09029357, y: 0.00019157027, z: -0.10176719}
  m_LocalScale: {x: 1, y: 1, z: 1.0000001}
  m_LocalEulerAnglesHint: {x: -0.1165, y: -172.4586, z: 4.9511}
  m_Children:
  - {fileID: 438612}
  m_Father: {fileID: 474776}
  m_RootOrder: 1
--- !u!4 &420388
Transform:
  m_ObjectHideFlags: 1
  m_PrefabParentObject: {fileID: 0}
  m_PrefabInternal: {fileID: 100100000}
  m_GameObject: {fileID: 162490}
  m_LocalRotation: {x: 4.6200108e-14, y: 0.0000009811199, z: -0.35373518, w: 0.93534565}
  m_LocalPosition: {x: -0.18036656, y: -0.040003598, z: -0.000000029857677}
  m_LocalScale: {x: 1.0000001, y: 1.0000001, z: 1}
  m_LocalEulerAnglesHint: {x: 0, y: 0.0001, z: -41.4319}
  m_Children:
  - {fileID: 450676}
  - {fileID: 469996}
  - {fileID: 418850}
  m_Father: {fileID: 440232}
  m_RootOrder: 0
--- !u!4 &422006
Transform:
  m_ObjectHideFlags: 1
  m_PrefabParentObject: {fileID: 0}
  m_PrefabInternal: {fileID: 100100000}
  m_GameObject: {fileID: 171788}
  m_LocalRotation: {x: -0.000000020234362, y: -0.000000012631706, z: -0.116402216,
    w: 0.9932022}
  m_LocalPosition: {x: -0.03612402, y: 0.000000030517576, z: 0.000000015258788}
  m_LocalScale: {x: 1, y: 1, z: 1}
  m_LocalEulerAnglesHint: {x: 0, y: 0, z: -13.3689995}
  m_Children: []
  m_Father: {fileID: 497452}
  m_RootOrder: 0
--- !u!4 &422068
Transform:
  m_ObjectHideFlags: 1
  m_PrefabParentObject: {fileID: 0}
  m_PrefabInternal: {fileID: 100100000}
  m_GameObject: {fileID: 113282}
  m_LocalRotation: {x: 0, y: 0, z: 0, w: 1}
  m_LocalPosition: {x: 0, y: 0, z: 0}
  m_LocalScale: {x: 1, y: 1, z: 1}
  m_LocalEulerAnglesHint: {x: 0, y: 0, z: 0}
  m_Children:
  - {fileID: 493832}
  - {fileID: 497706}
  - {fileID: 490374}
  - {fileID: 498500}
  m_Father: {fileID: 0}
  m_RootOrder: 0
--- !u!4 &422292
Transform:
  m_ObjectHideFlags: 1
  m_PrefabParentObject: {fileID: 0}
  m_PrefabInternal: {fileID: 100100000}
  m_GameObject: {fileID: 162446}
  m_LocalRotation: {x: -0.7394716, y: 0.32627863, z: 0.02808711, w: 0.5881626}
  m_LocalPosition: {x: -0.0223432, y: 0.013505736, z: 0.039504148}
  m_LocalScale: {x: 0.99999994, y: 1, z: 0.99999994}
  m_LocalEulerAnglesHint: {x: -62.646397, y: 131.84889, z: -101.959496}
  m_Children:
  - {fileID: 430330}
  m_Father: {fileID: 424352}
  m_RootOrder: 0
--- !u!4 &422522
Transform:
  m_ObjectHideFlags: 1
  m_PrefabParentObject: {fileID: 0}
  m_PrefabInternal: {fileID: 100100000}
  m_GameObject: {fileID: 105202}
  m_LocalRotation: {x: -0.000000009301346, y: -0.000000013821747, z: -0.12833755,
    w: 0.9917306}
  m_LocalPosition: {x: -0.050257564, y: -0.00000006103515, z: -0.000000030517576}
  m_LocalScale: {x: 1, y: 1, z: 1}
  m_LocalEulerAnglesHint: {x: 0, y: 0, z: -14.7471}
  m_Children:
  - {fileID: 467882}
  m_Father: {fileID: 456866}
  m_RootOrder: 0
--- !u!4 &424352
Transform:
  m_ObjectHideFlags: 1
  m_PrefabParentObject: {fileID: 0}
  m_PrefabInternal: {fileID: 100100000}
  m_GameObject: {fileID: 125204}
  m_LocalRotation: {x: 0.6883815, y: 0.105384566, z: -0.115625694, w: 0.7082767}
  m_LocalPosition: {x: -0.26055816, y: 0.000000015258788, z: 0}
  m_LocalScale: {x: 1, y: 0.99999994, z: 0.99999994}
  m_LocalEulerAnglesHint: {x: 88.187096, y: -18.2453, z: -36.2294}
  m_Children:
  - {fileID: 422292}
  - {fileID: 454834}
  - {fileID: 427402}
  - {fileID: 412262}
  - {fileID: 429354}
  - {fileID: 434990}
  - {fileID: 448586}
  m_Father: {fileID: 407540}
  m_RootOrder: 0
--- !u!4 &424612
Transform:
  m_ObjectHideFlags: 1
  m_PrefabParentObject: {fileID: 0}
  m_PrefabInternal: {fileID: 100100000}
  m_GameObject: {fileID: 138536}
  m_LocalRotation: {x: 0.04316682, y: 0.99690056, z: 0.0018300855, w: 0.06574629}
  m_LocalPosition: {x: 0.09029357, y: 0.00019100569, z: 0.10176719}
  m_LocalScale: {x: 1, y: 1, z: 1}
  m_LocalEulerAnglesHint: {x: 0.1161, y: 172.4586, z: 4.9512}
  m_Children:
  - {fileID: 465060}
  m_Father: {fileID: 474776}
  m_RootOrder: 0
--- !u!4 &426638
Transform:
  m_ObjectHideFlags: 1
  m_PrefabParentObject: {fileID: 0}
  m_PrefabInternal: {fileID: 100100000}
  m_GameObject: {fileID: 104770}
  m_LocalRotation: {x: -0.0000000221998, y: 0.0000000026017928, z: -0.11640222, w: 0.99320215}
  m_LocalPosition: {x: -0.03612402, y: 0.00000006103515, z: 0.000000015258788}
  m_LocalScale: {x: 0.99999994, y: 0.99999994, z: 1}
  m_LocalEulerAnglesHint: {x: 0, y: 0, z: -13.3689995}
  m_Children: []
  m_Father: {fileID: 491252}
  m_RootOrder: 0
--- !u!4 &427402
Transform:
  m_ObjectHideFlags: 1
  m_PrefabParentObject: {fileID: 0}
  m_PrefabInternal: {fileID: 100100000}
  m_GameObject: {fileID: 194556}
  m_LocalRotation: {x: 0.007878209, y: 0.043048076, z: -0.1714181, w: 0.9842259}
  m_LocalPosition: {x: -0.090491936, y: -0.0000004882812, z: 0.00070234673}
  m_LocalScale: {x: 1, y: 1, z: 1}
  m_LocalEulerAnglesHint: {x: 1.7343999, y: 4.7078, z: -19.6884}
  m_Children:
  - {fileID: 408474}
  m_Father: {fileID: 424352}
  m_RootOrder: 2
--- !u!4 &428554
Transform:
  m_ObjectHideFlags: 1
  m_PrefabParentObject: {fileID: 0}
  m_PrefabInternal: {fileID: 100100000}
  m_GameObject: {fileID: 169890}
  m_LocalRotation: {x: 0.000000014684412, y: 0.000000013282153, z: -0.11640222, w: 0.9932022}
  m_LocalPosition: {x: -0.03178326, y: -0.00000006103515, z: 0.000000030517576}
  m_LocalScale: {x: 1.0000001, y: 0.99999994, z: 1}
  m_LocalEulerAnglesHint: {x: 0, y: 0, z: -13.3689995}
  m_Children: []
  m_Father: {fileID: 408474}
  m_RootOrder: 0
--- !u!4 &429354
Transform:
  m_ObjectHideFlags: 1
  m_PrefabParentObject: {fileID: 0}
  m_PrefabInternal: {fileID: 100100000}
  m_GameObject: {fileID: 168688}
  m_LocalRotation: {x: 0.11926934, y: -0.10110775, z: -0.025019767, w: 0.9873834}
  m_LocalPosition: {x: -0.057792537, y: 0.021955688, z: -0.034837216}
  m_LocalScale: {x: 1.0000001, y: 1, z: 1.0000001}
  m_LocalEulerAnglesHint: {x: 13.324699, y: -12.1998, z: -4.3334}
  m_Children:
  - {fileID: 496080}
  m_Father: {fileID: 424352}
  m_RootOrder: 4
--- !u!4 &430330
Transform:
  m_ObjectHideFlags: 1
  m_PrefabParentObject: {fileID: 0}
  m_PrefabInternal: {fileID: 100100000}
  m_GameObject: {fileID: 141524}
  m_LocalRotation: {x: -0.0000000074018836, y: -0.000000007498962, z: 0.0065147774,
    w: 0.9999788}
  m_LocalPosition: {x: -0.03403393, y: 0, z: -0.00000006103515}
  m_LocalScale: {x: 0.9999999, y: 1, z: 0.99999994}
  m_LocalEulerAnglesHint: {x: 0, y: 0, z: 0.74649996}
  m_Children:
  - {fileID: 450726}
  m_Father: {fileID: 422292}
  m_RootOrder: 0
--- !u!4 &434990
Transform:
  m_ObjectHideFlags: 1
  m_PrefabParentObject: {fileID: 0}
  m_PrefabInternal: {fileID: 100100000}
  m_GameObject: {fileID: 166938}
  m_LocalRotation: {x: 0.13017857, y: 0.7051566, z: -0.68131, w: -0.14705221}
  m_LocalPosition: {x: -0.06998071, y: 0.039795894, z: 0.01862158}
  m_LocalScale: {x: 0.9999998, y: 1.0000005, z: 1}
  m_LocalEulerAnglesHint: {x: 67.3054, y: -94.2191, z: 84.3864}
  m_Children: []
  m_Father: {fileID: 424352}
  m_RootOrder: 5
--- !u!4 &438612
Transform:
  m_ObjectHideFlags: 1
  m_PrefabParentObject: {fileID: 0}
  m_PrefabInternal: {fileID: 100100000}
  m_GameObject: {fileID: 118820}
  m_LocalRotation: {x: -4.6566123e-10, y: 3.4694465e-18, z: -0.000000007450581, w: 1}
  m_LocalPosition: {x: -0.4631452, y: 0, z: 0.000000015258788}
  m_LocalScale: {x: 1, y: 1.0000001, z: 1.0000001}
  m_LocalEulerAnglesHint: {x: 0, y: 0, z: 0}
  m_Children:
  - {fileID: 466184}
  m_Father: {fileID: 419550}
  m_RootOrder: 0
--- !u!4 &440232
Transform:
  m_ObjectHideFlags: 1
  m_PrefabParentObject: {fileID: 0}
  m_PrefabInternal: {fileID: 100100000}
  m_GameObject: {fileID: 152760}
  m_LocalRotation: {x: 0.0000000015533421, y: -0.000000020433836, z: 0.004871817,
    w: 0.99998814}
  m_LocalPosition: {x: -0.14993407, y: -0.0001193695, z: -3.314344e-10}
  m_LocalScale: {x: 1.0000001, y: 1.0000001, z: 1}
  m_LocalEulerAnglesHint: {x: 0, y: 0, z: 0.55829996}
  m_Children:
  - {fileID: 420388}
  m_Father: {fileID: 476010}
  m_RootOrder: 0
--- !u!4 &441936
Transform:
  m_ObjectHideFlags: 1
  m_PrefabParentObject: {fileID: 0}
  m_PrefabInternal: {fileID: 100100000}
  m_GameObject: {fileID: 151854}
  m_LocalRotation: {x: 0.00000002407928, y: 0.000000011909368, z: -0.12833756, w: 0.9917306}
  m_LocalPosition: {x: -0.050257564, y: 0, z: 0}
  m_LocalScale: {x: 1.0000001, y: 1.0000001, z: 1}
  m_LocalEulerAnglesHint: {x: 0, y: 0, z: -14.7471}
  m_Children:
  - {fileID: 481702}
  m_Father: {fileID: 454834}
  m_RootOrder: 0
--- !u!4 &448544
Transform:
  m_ObjectHideFlags: 1
  m_PrefabParentObject: {fileID: 0}
  m_PrefabInternal: {fileID: 100100000}
  m_GameObject: {fileID: 162496}
  m_LocalRotation: {x: -0.15538722, y: 0.07523087, z: -0.011195113, w: 0.9849212}
  m_LocalPosition: {x: -0.39831424, y: 0, z: 0}
  m_LocalScale: {x: 1, y: 1, z: 1}
  m_LocalEulerAnglesHint: {x: -17.7223, y: 9.1621, z: -2.7338}
  m_Children:
  - {fileID: 408128}
  m_Father: {fileID: 465060}
  m_RootOrder: 0
--- !u!4 &448586
Transform:
  m_ObjectHideFlags: 1
  m_PrefabParentObject: {fileID: 0}
  m_PrefabInternal: {fileID: 100100000}
  m_GameObject: {fileID: 179746}
  m_LocalRotation: {x: -0.04321682, y: -0.74798375, z: 0.6622927, w: -0.004571376}
  m_LocalPosition: {x: -0.081536695, y: 0.039012156, z: -0.004952894}
  m_LocalScale: {x: 1, y: 1.0000005, z: 1.0000001}
  m_LocalEulerAnglesHint: {x: 82.377495, y: -157.66609, z: 26.2155}
  m_Children: []
  m_Father: {fileID: 424352}
  m_RootOrder: 6
--- !u!4 &450676
Transform:
  m_ObjectHideFlags: 1
  m_PrefabParentObject: {fileID: 0}
  m_PrefabInternal: {fileID: 100100000}
  m_GameObject: {fileID: 104952}
  m_LocalRotation: {x: -0.000000039463174, y: -0.0000005026944, z: 0.20943098, w: 0.97782344}
  m_LocalPosition: {x: -0.087925896, y: 0.0011000976, z: 0.0000000017308629}
  m_LocalScale: {x: 0.9999998, y: 0.9999998, z: 1}
  m_LocalEulerAnglesHint: {x: 0, y: -0.0001, z: 24.178}
  m_Children: []
  m_Father: {fileID: 420388}
  m_RootOrder: 0
--- !u!4 &450726
Transform:
  m_ObjectHideFlags: 1
  m_PrefabParentObject: {fileID: 0}
  m_PrefabInternal: {fileID: 100100000}
  m_GameObject: {fileID: 189796}
  m_LocalRotation: {x: 0.000000022123123, y: 0.000000015238518, z: 0.015169845, w: 0.99988496}
  m_LocalPosition: {x: -0.034033995, y: -0.000000030517576, z: 0}
  m_LocalScale: {x: 1.0000001, y: 1, z: 1}
  m_LocalEulerAnglesHint: {x: 0, y: 0, z: 1.7384}
  m_Children: []
  m_Father: {fileID: 430330}
  m_RootOrder: 0
--- !u!4 &454834
Transform:
  m_ObjectHideFlags: 1
  m_PrefabParentObject: {fileID: 0}
  m_PrefabInternal: {fileID: 100100000}
  m_GameObject: {fileID: 179698}
  m_LocalRotation: {x: 0.15359305, y: 0.025913531, z: -0.026401374, w: 0.9874415}
  m_LocalPosition: {x: -0.090491995, y: -0.000020263671, z: 0.025468398}
  m_LocalScale: {x: 1, y: 1, z: 1}
  m_LocalEulerAnglesHint: {x: 17.739899, y: 2.5916, z: -2.6585999}
  m_Children:
  - {fileID: 441936}
  m_Father: {fileID: 424352}
  m_RootOrder: 1
--- !u!4 &456866
Transform:
  m_ObjectHideFlags: 1
  m_PrefabParentObject: {fileID: 0}
  m_PrefabInternal: {fileID: 100100000}
  m_GameObject: {fileID: 168736}
  m_LocalRotation: {x: -0.15359306, y: -0.025913516, z: -0.026401408, w: 0.9874415}
  m_LocalPosition: {x: -0.09049206, y: -0.000020263671, z: -0.025468351}
  m_LocalScale: {x: 0.9999998, y: 0.9999998, z: 0.9999999}
  m_LocalEulerAnglesHint: {x: -17.739899, y: -2.5916, z: -2.6585999}
  m_Children:
  - {fileID: 422522}
  m_Father: {fileID: 466906}
  m_RootOrder: 1
--- !u!4 &456930
Transform:
  m_ObjectHideFlags: 1
  m_PrefabParentObject: {fileID: 0}
  m_PrefabInternal: {fileID: 100100000}
  m_GameObject: {fileID: 186082}
  m_LocalRotation: {x: 0.0000000074989615, y: -0.000000007401883, z: 0.0065147914,
    w: 0.9999788}
  m_LocalPosition: {x: -0.03403393, y: -0.000000030517576, z: -0.00000006103515}
  m_LocalScale: {x: 1.0000001, y: 1, z: 1}
  m_LocalEulerAnglesHint: {x: 0, y: 0, z: 0.7466}
  m_Children:
  - {fileID: 408830}
  m_Father: {fileID: 408638}
  m_RootOrder: 0
--- !u!4 &459154
Transform:
  m_ObjectHideFlags: 1
  m_PrefabParentObject: {fileID: 0}
  m_PrefabInternal: {fileID: 100100000}
  m_GameObject: {fileID: 151576}
  m_LocalRotation: {x: -0.0936124, y: 0.0093574785, z: -0.044093166, w: 0.99458784}
  m_LocalPosition: {x: -0.08823339, y: 0.015583984, z: 0.026167478}
  m_LocalScale: {x: 0.99999994, y: 0.99999994, z: 1}
  m_LocalEulerAnglesHint: {x: -10.6837, y: 1.5668, z: -5.2233996}
  m_Children:
  - {fileID: 491252}
  m_Father: {fileID: 466906}
  m_RootOrder: 3
--- !u!4 &460410
Transform:
  m_ObjectHideFlags: 1
  m_PrefabParentObject: {fileID: 0}
  m_PrefabInternal: {fileID: 100100000}
  m_GameObject: {fileID: 110788}
  m_LocalRotation: {x: 0.0000000059333027, y: 0.0000000064800556, z: -0.18176576,
    w: 0.9833419}
  m_LocalPosition: {x: -0.034668945, y: 0, z: -0.000000015258788}
  m_LocalScale: {x: 0.99999994, y: 1, z: 0.99999994}
  m_LocalEulerAnglesHint: {x: 0, y: 0, z: -20.9453}
  m_Children:
  - {fileID: 488056}
  m_Father: {fileID: 463444}
  m_RootOrder: 0
--- !u!4 &463444
Transform:
  m_ObjectHideFlags: 1
  m_PrefabParentObject: {fileID: 0}
  m_PrefabInternal: {fileID: 100100000}
  m_GameObject: {fileID: 131588}
  m_LocalRotation: {x: -0.11926934, y: 0.10110775, z: -0.02501979, w: 0.9873834}
  m_LocalPosition: {x: -0.06185229, y: 0.02533203, z: 0.034896787}
  m_LocalScale: {x: 0.9999999, y: 0.9999999, z: 0.9999999}
  m_LocalEulerAnglesHint: {x: -13.324699, y: 12.1998, z: -4.3334}
  m_Children:
  - {fileID: 460410}
  m_Father: {fileID: 466906}
  m_RootOrder: 4
--- !u!4 &465060
Transform:
  m_ObjectHideFlags: 1
  m_PrefabParentObject: {fileID: 0}
  m_PrefabInternal: {fileID: 100100000}
  m_GameObject: {fileID: 104882}
  m_LocalRotation: {x: -9.3132246e-10, y: 0.000000007450581, z: -0.0000000037252903,
    w: 1}
  m_LocalPosition: {x: -0.46314523, y: -0.000000003814697, z: 0}
  m_LocalScale: {x: 1, y: 1.0000001, z: 1}
  m_LocalEulerAnglesHint: {x: 0, y: 0, z: 0}
  m_Children:
  - {fileID: 448544}
  m_Father: {fileID: 424612}
  m_RootOrder: 0
--- !u!4 &466056
Transform:
  m_ObjectHideFlags: 1
  m_PrefabParentObject: {fileID: 0}
  m_PrefabInternal: {fileID: 100100000}
  m_GameObject: {fileID: 110202}
  m_LocalRotation: {x: -0.51107293, y: -0.4886763, z: -0.48867768, w: 0.5110715}
  m_LocalPosition: {x: -0.11470326, y: -0.00000025396588, z: 0.05046368}
  m_LocalScale: {x: 1, y: 0.99999994, z: 0.99999994}
  m_LocalEulerAnglesHint: {x: -90, y: -87.433495, z: 0}
  m_Children: []
  m_Father: {fileID: 493832}
  m_RootOrder: 1
--- !u!4 &466184
Transform:
  m_ObjectHideFlags: 1
  m_PrefabParentObject: {fileID: 0}
  m_PrefabInternal: {fileID: 100100000}
  m_GameObject: {fileID: 173350}
  m_LocalRotation: {x: 0.15538721, y: -0.075230956, z: -0.011195104, w: 0.9849212}
  m_LocalPosition: {x: -0.3983142, y: -0.000000003814697, z: 0.000000015258788}
  m_LocalScale: {x: 0.99999994, y: 0.9999999, z: 0.99999994}
  m_LocalEulerAnglesHint: {x: 17.7223, y: -9.1621, z: -2.7338}
  m_Children:
  - {fileID: 407876}
  m_Father: {fileID: 438612}
  m_RootOrder: 0
--- !u!4 &466906
Transform:
  m_ObjectHideFlags: 1
  m_PrefabParentObject: {fileID: 0}
  m_PrefabInternal: {fileID: 100100000}
  m_GameObject: {fileID: 142806}
  m_LocalRotation: {x: -0.6883815, y: -0.105384566, z: -0.1156257, w: 0.7082767}
  m_LocalPosition: {x: -0.26055813, y: 0.000000045776364, z: 0}
  m_LocalScale: {x: 1.0000001, y: 1.0000001, z: 1.0000001}
  m_LocalEulerAnglesHint: {x: -88.187096, y: 18.2453, z: -36.2294}
  m_Children:
  - {fileID: 408638}
  - {fileID: 456866}
  - {fileID: 414268}
  - {fileID: 459154}
  - {fileID: 463444}
  m_Father: {fileID: 467078}
  m_RootOrder: 0
--- !u!4 &467078
Transform:
  m_ObjectHideFlags: 1
  m_PrefabParentObject: {fileID: 0}
  m_PrefabInternal: {fileID: 100100000}
  m_GameObject: {fileID: 193232}
  m_LocalRotation: {x: -0.00000002114353, y: -0.0000000072492434, z: 0.32432565, w: 0.9459455}
  m_LocalPosition: {x: -0.27364013, y: 0, z: -0.0000001220703}
  m_LocalScale: {x: 0.9999999, y: 0.99999994, z: 1}
  m_LocalEulerAnglesHint: {x: 0, y: 0, z: 37.8494}
  m_Children:
  - {fileID: 466906}
  m_Father: {fileID: 499336}
  m_RootOrder: 0
--- !u!4 &467882
Transform:
  m_ObjectHideFlags: 1
  m_PrefabParentObject: {fileID: 0}
  m_PrefabInternal: {fileID: 100100000}
  m_GameObject: {fileID: 102392}
  m_LocalRotation: {x: -0.000000006562994, y: 0.000000015312832, z: -0.058702674,
    w: 0.9982755}
  m_LocalPosition: {x: -0.030627074, y: -0.00000006103515, z: 0}
  m_LocalScale: {x: 1.0000001, y: 1, z: 1}
  m_LocalEulerAnglesHint: {x: 0, y: 0, z: -6.7307}
  m_Children: []
  m_Father: {fileID: 422522}
  m_RootOrder: 0
--- !u!4 &469430
Transform:
  m_ObjectHideFlags: 1
  m_PrefabParentObject: {fileID: 0}
  m_PrefabInternal: {fileID: 100100000}
  m_GameObject: {fileID: 118284}
  m_LocalRotation: {x: -0.000000010984445, y: -0.000000013715787, z: -0.11640222,
    w: 0.9932022}
  m_LocalPosition: {x: -0.0317832, y: 0, z: 0}
  m_LocalScale: {x: 0.99999994, y: 0.99999994, z: 0.9999999}
  m_LocalEulerAnglesHint: {x: 0, y: 0, z: -13.3689995}
  m_Children: []
  m_Father: {fileID: 475612}
  m_RootOrder: 0
--- !u!4 &469996
Transform:
  m_ObjectHideFlags: 1
  m_PrefabParentObject: {fileID: 0}
  m_PrefabInternal: {fileID: 100100000}
  m_GameObject: {fileID: 154490}
  m_LocalRotation: {x: 0.66128993, y: 0.25039276, z: -0.6612893, w: 0.25039095}
  m_LocalPosition: {x: 0.04066638, y: 0.07821337, z: 0.04891975}
  m_LocalScale: {x: 1, y: 0.9999999, z: 0.9999999}
  m_LocalEulerAnglesHint: {x: 41.477497, y: -90.0001, z: 179.9998}
  m_Children:
  - {fileID: 499336}
  m_Father: {fileID: 420388}
  m_RootOrder: 1
--- !u!4 &472392
Transform:
  m_ObjectHideFlags: 1
  m_PrefabParentObject: {fileID: 0}
  m_PrefabInternal: {fileID: 100100000}
  m_GameObject: {fileID: 112058}
  m_LocalRotation: {x: -0.000000018359357, y: 0.000000019610683, z: -0.2283078, w: 0.973589}
  m_LocalPosition: {x: -0.034243405, y: 0.0000001220703, z: 0}
  m_LocalScale: {x: 1, y: 1.0000001, z: 1}
  m_LocalEulerAnglesHint: {x: 0, y: 0, z: -26.394999}
  m_Children: []
  m_Father: {fileID: 496080}
  m_RootOrder: 0
--- !u!4 &473476
Transform:
  m_ObjectHideFlags: 1
  m_PrefabParentObject: {fileID: 0}
  m_PrefabInternal: {fileID: 100100000}
  m_GameObject: {fileID: 139186}
  m_LocalRotation: {x: 0.6826796, y: 0.080245525, z: 0.7072371, w: 0.16530252}
  m_LocalPosition: {x: 0.010686976, y: -0.16723171, z: 0.06832617}
  m_LocalScale: {x: 1, y: 1, z: 0.9999999}
  m_LocalEulerAnglesHint: {x: 6.4417, y: 86.826, z: 159.78389}
  m_Children: []
  m_Father: {fileID: 493832}
  m_RootOrder: 2
--- !u!4 &474776
Transform:
  m_ObjectHideFlags: 1
  m_PrefabParentObject: {fileID: 0}
  m_PrefabInternal: {fileID: 100100000}
  m_GameObject: {fileID: 175230}
  m_LocalRotation: {x: -0.000002080476, y: 0.000000693676, z: -0.000398159, w: 0.99999994}
  m_LocalPosition: {x: -0.0902937, y: -0.000119342796, z: 0.00000012538464}
  m_LocalScale: {x: 1, y: 0.99999994, z: 0.99999994}
  m_LocalEulerAnglesHint: {x: -0.0002, y: 0.0001, z: -0.0457}
  m_Children:
  - {fileID: 424612}
  - {fileID: 419550}
  - {fileID: 476010}
  m_Father: {fileID: 475816}
  m_RootOrder: 0
--- !u!4 &475612
Transform:
  m_ObjectHideFlags: 1
  m_PrefabParentObject: {fileID: 0}
  m_PrefabInternal: {fileID: 100100000}
  m_GameObject: {fileID: 140360}
  m_LocalRotation: {x: 0.000000034224684, y: -0.0000000040110963, z: -0.11640222,
    w: 0.99320215}
  m_LocalPosition: {x: -0.048283566, y: 0, z: -0.000000030517576}
  m_LocalScale: {x: 1.0000001, y: 1.0000001, z: 1}
  m_LocalEulerAnglesHint: {x: 0, y: 0, z: -13.3689995}
  m_Children:
  - {fileID: 469430}
  m_Father: {fileID: 414268}
  m_RootOrder: 0
--- !u!4 &475816
Transform:
  m_ObjectHideFlags: 1
  m_PrefabParentObject: {fileID: 0}
  m_PrefabInternal: {fileID: 100100000}
  m_GameObject: {fileID: 143352}
  m_LocalRotation: {x: -0.5, y: 0.5, z: 0.4999993, w: 0.5000007}
  m_LocalPosition: {x: 0, y: 0, z: 0}
  m_LocalScale: {x: 1, y: 0.99999994, z: 0.99999994}
  m_LocalEulerAnglesHint: {x: -90, y: 89.9999, z: 0}
  m_Children:
  - {fileID: 474776}
  m_Father: {fileID: 493832}
  m_RootOrder: 0
--- !u!4 &476010
Transform:
  m_ObjectHideFlags: 1
  m_PrefabParentObject: {fileID: 0}
  m_PrefabInternal: {fileID: 100100000}
  m_GameObject: {fileID: 174088}
  m_LocalRotation: {x: 1.3736723e-12, y: -0.00000024040023, z: 0.057563048, w: 0.9983419}
  m_LocalPosition: {x: -0.14992137, y: -0.0001185913, z: -3.2780914e-10}
  m_LocalScale: {x: 1, y: 1, z: 1}
  m_LocalEulerAnglesHint: {x: 0, y: 0, z: 6.5999}
  m_Children:
  - {fileID: 440232}
  m_Father: {fileID: 474776}
  m_RootOrder: 2
--- !u!4 &478070
Transform:
  m_ObjectHideFlags: 1
  m_PrefabParentObject: {fileID: 0}
  m_PrefabInternal: {fileID: 100100000}
  m_GameObject: {fileID: 148884}
  m_LocalRotation: {x: 0.40586984, y: 0.5790244, z: 0.579026, w: -0.4058687}
  m_LocalPosition: {x: 0.123353735, y: 0.00000007236801, z: 0.07725134}
  m_LocalScale: {x: 0.99999994, y: 0.99999994, z: 0.99999994}
  m_LocalEulerAnglesHint: {x: -90, y: -109.942696, z: 0}
  m_Children: []
  m_Father: {fileID: 493832}
  m_RootOrder: 4
--- !u!4 &481702
Transform:
  m_ObjectHideFlags: 1
  m_PrefabParentObject: {fileID: 0}
  m_PrefabInternal: {fileID: 100100000}
  m_GameObject: {fileID: 132234}
  m_LocalRotation: {x: 0.00000000470356, y: -0.00000001520349, z: -0.05870269, w: 0.9982755}
  m_LocalPosition: {x: -0.030627195, y: 0, z: 0}
  m_LocalScale: {x: 1, y: 1.0000001, z: 1.0000001}
  m_LocalEulerAnglesHint: {x: 0, y: 0, z: -6.7307}
  m_Children: []
  m_Father: {fileID: 441936}
  m_RootOrder: 0
--- !u!4 &483712
Transform:
  m_ObjectHideFlags: 1
  m_PrefabParentObject: {fileID: 0}
  m_PrefabInternal: {fileID: 100100000}
  m_GameObject: {fileID: 186908}
  m_LocalRotation: {x: -0.15207276, y: 0.32623038, z: -0.00757805, w: 0.93294704}
  m_LocalPosition: {x: -0.134081, y: 0.000000015258788, z: 0.0000001220703}
  m_LocalScale: {x: 1, y: 1, z: 1}
  m_LocalEulerAnglesHint: {x: -16.189, y: 39.512398, z: -6.7791996}
  m_Children:
  - {fileID: 407540}
  m_Father: {fileID: 418850}
  m_RootOrder: 0
--- !u!4 &484446
Transform:
  m_ObjectHideFlags: 1
  m_PrefabParentObject: {fileID: 0}
  m_PrefabInternal: {fileID: 100100000}
  m_GameObject: {fileID: 136886}
  m_LocalRotation: {x: 0.16530062, y: -0.7072369, z: -0.08024749, w: 0.6826801}
  m_LocalPosition: {x: 0.010686977, y: 0.1672317, z: 0.06832617}
  m_LocalScale: {x: 1, y: 1, z: 0.99999994}
  m_LocalEulerAnglesHint: {x: 6.4414, y: -93.1739, z: -20.216099}
  m_Children: []
  m_Father: {fileID: 493832}
  m_RootOrder: 3
--- !u!4 &488056
Transform:
  m_ObjectHideFlags: 1
  m_PrefabParentObject: {fileID: 0}
  m_PrefabInternal: {fileID: 100100000}
  m_GameObject: {fileID: 101284}
  m_LocalRotation: {x: 0.00000002538831, y: -0.0000000059535896, z: -0.22830781, w: 0.973589}
  m_LocalPosition: {x: -0.03424347, y: 0, z: 0}
  m_LocalScale: {x: 1, y: 1.0000001, z: 1}
  m_LocalEulerAnglesHint: {x: 0, y: 0, z: -26.394999}
  m_Children: []
  m_Father: {fileID: 460410}
  m_RootOrder: 0
--- !u!4 &490374
Transform:
  m_ObjectHideFlags: 1
  m_PrefabParentObject: {fileID: 0}
  m_PrefabInternal: {fileID: 100100000}
  m_GameObject: {fileID: 114728}
  m_LocalRotation: {x: -0.7071068, y: 0, z: -0, w: 0.7071068}
  m_LocalPosition: {x: 0, y: 1.3999999, z: 2.1}
  m_LocalScale: {x: 1, y: 1, z: 1}
  m_LocalEulerAnglesHint: {x: -90, y: 0, z: 0}
  m_Children: []
  m_Father: {fileID: 422068}
  m_RootOrder: 2
--- !u!4 &491252
Transform:
  m_ObjectHideFlags: 1
  m_PrefabParentObject: {fileID: 0}
  m_PrefabInternal: {fileID: 100100000}
  m_GameObject: {fileID: 176160}
  m_LocalRotation: {x: 0.000000008326268, y: 0.000000012907194, z: -0.32208902, w: 0.9467094}
  m_LocalPosition: {x: -0.04050842, y: 0, z: -0.000000015258788}
  m_LocalScale: {x: 1, y: 0.99999994, z: 1}
  m_LocalEulerAnglesHint: {x: 0, y: 0, z: -37.578598}
  m_Children:
  - {fileID: 426638}
  m_Father: {fileID: 459154}
  m_RootOrder: 0
--- !u!4 &493832
Transform:
  m_ObjectHideFlags: 1
  m_PrefabParentObject: {fileID: 0}
  m_PrefabInternal: {fileID: 100100000}
  m_GameObject: {fileID: 179024}
  m_LocalRotation: {x: -0.50000036, y: 0.49999964, z: 0.49999964, w: 0.50000036}
  m_LocalPosition: {x: 0, y: 0.9732747, z: 0.023208348}
  m_LocalScale: {x: 0.99999994, y: 0.99999994, z: 1}
  m_LocalEulerAnglesHint: {x: -90, y: 89.9999, z: 0}
  m_Children:
  - {fileID: 475816}
  - {fileID: 466056}
  - {fileID: 473476}
  - {fileID: 484446}
  - {fileID: 478070}
  m_Father: {fileID: 422068}
  m_RootOrder: 0
--- !u!4 &496080
Transform:
  m_ObjectHideFlags: 1
  m_PrefabParentObject: {fileID: 0}
  m_PrefabInternal: {fileID: 100100000}
  m_GameObject: {fileID: 158532}
  m_LocalRotation: {x: -0.000000009596537, y: -0.000000005802925, z: -0.18176578,
    w: 0.9833419}
  m_LocalPosition: {x: -0.034668945, y: -0.00000006103515, z: 0}
  m_LocalScale: {x: 1, y: 1, z: 1}
  m_LocalEulerAnglesHint: {x: 0, y: 0, z: -20.9453}
  m_Children:
  - {fileID: 472392}
  m_Father: {fileID: 429354}
  m_RootOrder: 0
--- !u!4 &497452
Transform:
  m_ObjectHideFlags: 1
  m_PrefabParentObject: {fileID: 0}
  m_PrefabInternal: {fileID: 100100000}
  m_GameObject: {fileID: 171128}
  m_LocalRotation: {x: 0.0000000065628845, y: 0.000000013507132, z: -0.32208905, w: 0.9467094}
  m_LocalPosition: {x: -0.04050842, y: 0, z: -0.000000045776364}
  m_LocalScale: {x: 0.99999994, y: 1, z: 0.9999999}
  m_LocalEulerAnglesHint: {x: 0, y: 0, z: -37.578598}
  m_Children:
  - {fileID: 422006}
  m_Father: {fileID: 412262}
  m_RootOrder: 0
--- !u!4 &497706
Transform:
  m_ObjectHideFlags: 1
  m_PrefabParentObject: {fileID: 0}
  m_PrefabInternal: {fileID: 100100000}
  m_GameObject: {fileID: 109688}
  m_LocalRotation: {x: -0.7071068, y: 0, z: -0, w: 0.7071068}
  m_LocalPosition: {x: 0, y: 1.3999999, z: 0.49999997}
  m_LocalScale: {x: 1, y: 1, z: 1}
  m_LocalEulerAnglesHint: {x: -90, y: 0, z: 0}
  m_Children: []
  m_Father: {fileID: 422068}
  m_RootOrder: 1
--- !u!4 &498500
Transform:
  m_ObjectHideFlags: 1
  m_PrefabParentObject: {fileID: 0}
  m_PrefabInternal: {fileID: 100100000}
  m_GameObject: {fileID: 137450}
  m_LocalRotation: {x: -0.7071068, y: 0, z: -0, w: 0.7071068}
  m_LocalPosition: {x: 0, y: 0, z: 0}
  m_LocalScale: {x: 1, y: 1, z: 1}
  m_LocalEulerAnglesHint: {x: -90, y: 0, z: 0}
  m_Children: []
  m_Father: {fileID: 422068}
  m_RootOrder: 3
--- !u!4 &499336
Transform:
  m_ObjectHideFlags: 1
  m_PrefabParentObject: {fileID: 0}
  m_PrefabInternal: {fileID: 100100000}
  m_GameObject: {fileID: 132032}
  m_LocalRotation: {x: 0.15207277, y: -0.32623053, z: -0.0075780284, w: 0.932947}
  m_LocalPosition: {x: -0.13408098, y: 0.000000015258788, z: -0.0000001220703}
  m_LocalScale: {x: 1, y: 1, z: 1}
  m_LocalEulerAnglesHint: {x: 16.189, y: -39.512398, z: -6.7791996}
  m_Children:
  - {fileID: 467078}
  m_Father: {fileID: 469996}
  m_RootOrder: 0
--- !u!23 &2328032
MeshRenderer:
  m_ObjectHideFlags: 1
  m_PrefabParentObject: {fileID: 0}
  m_PrefabInternal: {fileID: 100100000}
  m_GameObject: {fileID: 179746}
  m_Enabled: 1
  m_CastShadows: 1
  m_ReceiveShadows: 1
  m_Materials:
  - {fileID: 2100000, guid: 4f48700884e62454faaaec36aebc32c3, type: 2}
  m_SubsetIndices: 
  m_StaticBatchRoot: {fileID: 0}
  m_UseLightProbes: 1
  m_ReflectionProbeUsage: 1
  m_ProbeAnchor: {fileID: 0}
  m_ScaleInLightmap: 1
  m_PreserveUVs: 0
  m_IgnoreNormalsForChartDetection: 0
  m_ImportantGI: 0
  m_MinimumChartSize: 4
  m_AutoUVMaxDistance: 0.5
  m_AutoUVMaxAngle: 89
  m_LightmapParameters: {fileID: 0}
  m_SortingLayerID: 0
  m_SortingOrder: 0
--- !u!33 &3347180
MeshFilter:
  m_ObjectHideFlags: 1
  m_PrefabParentObject: {fileID: 0}
  m_PrefabInternal: {fileID: 100100000}
  m_GameObject: {fileID: 179746}
  m_Mesh: {fileID: 4300000, guid: 2e6a1dde70c91264eb8b9c023ef5db4d, type: 3}
--- !u!95 &9590718
Animator:
  serializedVersion: 3
  m_ObjectHideFlags: 1
  m_PrefabParentObject: {fileID: 0}
  m_PrefabInternal: {fileID: 100100000}
  m_GameObject: {fileID: 113282}
  m_Enabled: 1
  m_Avatar: {fileID: 9000000, guid: 2c38db3509dfafa45b1ec8061c51569b, type: 3}
  m_Controller: {fileID: 9100000, guid: a15bb2f1701773b48b39bb93e2f7af0e, type: 2}
  m_CullingMode: 0
  m_UpdateMode: 0
  m_ApplyRootMotion: 0
  m_LinearVelocityBlending: 0
  m_WarningMessage: 
  m_HasTransformHierarchy: 1
  m_AllowConstantClipSamplingOptimization: 1
--- !u!114 &11410388
MonoBehaviour:
  m_ObjectHideFlags: 1
  m_PrefabParentObject: {fileID: 0}
  m_PrefabInternal: {fileID: 100100000}
  m_GameObject: {fileID: 113282}
  m_Enabled: 1
  m_EditorHideFlags: 0
  m_Script: {fileID: 11500000, guid: f12648c311a1e3844aea99312622dc2a, type: 3}
  m_Name: 
  m_EditorClassIdentifier: 
  HitParticle: {fileID: 0}
--- !u!136 &13652160
CapsuleCollider:
  m_ObjectHideFlags: 1
  m_PrefabParentObject: {fileID: 0}
  m_PrefabInternal: {fileID: 100100000}
  m_GameObject: {fileID: 113282}
  m_Material: {fileID: 0}
  m_IsTrigger: 0
  m_Enabled: 1
  m_Radius: 0.5
  m_Height: 3
  m_Direction: 1
  m_Center: {x: 0, y: 0.5, z: 0}
--- !u!137 &13706712
SkinnedMeshRenderer:
  m_ObjectHideFlags: 1
  m_PrefabParentObject: {fileID: 0}
  m_PrefabInternal: {fileID: 100100000}
  m_GameObject: {fileID: 137450}
  m_Enabled: 1
  m_CastShadows: 1
  m_ReceiveShadows: 1
  m_Materials:
  - {fileID: 2100000, guid: 65763079f04af674b8959ad3082f77f4, type: 2}
  m_SubsetIndices: 
  m_StaticBatchRoot: {fileID: 0}
  m_UseLightProbes: 1
  m_ReflectionProbeUsage: 1
  m_ProbeAnchor: {fileID: 0}
  m_ScaleInLightmap: 1
  m_PreserveUVs: 0
  m_IgnoreNormalsForChartDetection: 0
  m_ImportantGI: 0
  m_MinimumChartSize: 4
  m_AutoUVMaxDistance: 0.5
  m_AutoUVMaxAngle: 89
  m_LightmapParameters: {fileID: 0}
  m_SortingLayerID: 0
  m_SortingOrder: 0
  serializedVersion: 2
  m_Quality: 0
  m_UpdateWhenOffscreen: 0
  m_Mesh: {fileID: 4300000, guid: 2c38db3509dfafa45b1ec8061c51569b, type: 3}
  m_Bones:
  - {fileID: 450676}
  - {fileID: 440232}
  - {fileID: 476010}
  - {fileID: 420388}
  - {fileID: 483712}
  - {fileID: 418850}
  - {fileID: 407540}
  - {fileID: 474776}
  - {fileID: 493832}
  - {fileID: 473476}
  - {fileID: 466056}
  - {fileID: 419550}
  - {fileID: 478070}
  - {fileID: 424612}
  - {fileID: 475816}
  - {fileID: 438612}
  - {fileID: 466184}
  - {fileID: 407876}
  - {fileID: 424352}
  - {fileID: 430330}
  - {fileID: 422292}
  - {fileID: 496080}
  - {fileID: 497452}
  - {fileID: 412262}
  - {fileID: 427402}
  - {fileID: 472392}
  - {fileID: 422006}
  - {fileID: 428554}
  - {fileID: 408474}
  - {fileID: 481702}
  - {fileID: 454834}
  - {fileID: 441936}
  - {fileID: 450726}
  - {fileID: 499336}
  - {fileID: 469996}
  - {fileID: 467078}
  - {fileID: 484446}
  - {fileID: 465060}
  - {fileID: 466906}
  - {fileID: 408638}
  - {fileID: 459154}
  - {fileID: 414268}
  - {fileID: 491252}
  - {fileID: 460410}
  - {fileID: 426638}
  - {fileID: 469430}
  - {fileID: 456866}
  - {fileID: 475612}
  - {fileID: 422522}
  - {fileID: 467882}
  - {fileID: 488056}
  - {fileID: 463444}
  - {fileID: 456930}
  - {fileID: 408830}
  - {fileID: 448544}
  - {fileID: 408128}
  m_BlendShapeWeights: []
  m_RootBone: {fileID: 493832}
  m_AABB:
    m_Center: {x: -0.0022569895, y: 0.0015426576, z: -0.006377816}
    m_Extent: {x: 0.2227643, y: 0.6496912, z: 0.97534657}
  m_DirtyAABB: 0
--- !u!1001 &100100000
Prefab:
  m_ObjectHideFlags: 1
  serializedVersion: 2
  m_Modification:
    m_TransformParent: {fileID: 0}
    m_Modifications: []
    m_RemovedComponents: []
  m_ParentPrefab: {fileID: 0}
  m_RootGameObject: {fileID: 113282}
  m_IsPrefabParent: 1
