%YAML 1.1
%TAG !u! tag:unity3d.com,2011:
--- !u!1 &101002
GameObject:
  m_ObjectHideFlags: 1
  m_PrefabParentObject: {fileID: 0}
  m_PrefabInternal: {fileID: 100100000}
  serializedVersion: 4
  m_Component:
  - 4: {fileID: 491966}
  m_Layer: 0
  m_Name: Bip001 L Thigh
  m_TagString: Untagged
  m_Icon: {fileID: 0}
  m_NavMeshLayer: 0
  m_StaticEditorFlags: 0
  m_IsActive: 1
--- !u!1 &101176
GameObject:
  m_ObjectHideFlags: 1
  m_PrefabParentObject: {fileID: 0}
  m_PrefabInternal: {fileID: 100100000}
  serializedVersion: 4
  m_Component:
  - 4: {fileID: 493812}
  - 33: {fileID: 3349178}
  - 23: {fileID: 2399990}
  m_Layer: 0
  m_Name: Doll_NPC_Gladiator_Sword_Mesh
  m_TagString: Untagged
  m_Icon: {fileID: 0}
  m_NavMeshLayer: 0
  m_StaticEditorFlags: 0
  m_IsActive: 1
--- !u!1 &103284
GameObject:
  m_ObjectHideFlags: 1
  m_PrefabParentObject: {fileID: 0}
  m_PrefabInternal: {fileID: 100100000}
  serializedVersion: 4
  m_Component:
  - 4: {fileID: 404528}
  m_Layer: 0
  m_Name: Bip001 R Finger21
  m_TagString: Untagged
  m_Icon: {fileID: 0}
  m_NavMeshLayer: 0
  m_StaticEditorFlags: 0
  m_IsActive: 1
--- !u!1 &103476
GameObject:
  m_ObjectHideFlags: 1
  m_PrefabParentObject: {fileID: 0}
  m_PrefabInternal: {fileID: 100100000}
  serializedVersion: 4
  m_Component:
  - 4: {fileID: 488280}
  m_Layer: 0
  m_Name: Bip001 L Finger0
  m_TagString: Untagged
  m_Icon: {fileID: 0}
  m_NavMeshLayer: 0
  m_StaticEditorFlags: 0
  m_IsActive: 1
--- !u!1 &105974
GameObject:
  m_ObjectHideFlags: 1
  m_PrefabParentObject: {fileID: 0}
  m_PrefabInternal: {fileID: 100100000}
  serializedVersion: 4
  m_Component:
  - 4: {fileID: 412090}
  m_Layer: 0
  m_Name: Bip001 L Finger2
  m_TagString: Untagged
  m_Icon: {fileID: 0}
  m_NavMeshLayer: 0
  m_StaticEditorFlags: 0
  m_IsActive: 1
--- !u!1 &108748
GameObject:
  m_ObjectHideFlags: 1
  m_PrefabParentObject: {fileID: 0}
  m_PrefabInternal: {fileID: 100100000}
  serializedVersion: 4
  m_Component:
  - 4: {fileID: 403324}
  m_Layer: 0
  m_Name: Bip001 L Finger31
  m_TagString: Untagged
  m_Icon: {fileID: 0}
  m_NavMeshLayer: 0
  m_StaticEditorFlags: 0
  m_IsActive: 1
--- !u!1 &110244
GameObject:
  m_ObjectHideFlags: 1
  m_PrefabParentObject: {fileID: 0}
  m_PrefabInternal: {fileID: 100100000}
  serializedVersion: 4
  m_Component:
  - 4: {fileID: 482642}
  m_Layer: 0
  m_Name: Bip001 R Toe0
  m_TagString: Untagged
  m_Icon: {fileID: 0}
  m_NavMeshLayer: 0
  m_StaticEditorFlags: 0
  m_IsActive: 1
--- !u!1 &110496
GameObject:
  m_ObjectHideFlags: 1
  m_PrefabParentObject: {fileID: 0}
  m_PrefabInternal: {fileID: 100100000}
  serializedVersion: 4
  m_Component:
  - 4: {fileID: 453114}
  m_Layer: 0
  m_Name: HLP_R_Hand
  m_TagString: Untagged
  m_Icon: {fileID: 0}
  m_NavMeshLayer: 0
  m_StaticEditorFlags: 0
  m_IsActive: 1
--- !u!1 &110580
GameObject:
  m_ObjectHideFlags: 1
  m_PrefabParentObject: {fileID: 0}
  m_PrefabInternal: {fileID: 100100000}
  serializedVersion: 4
  m_Component:
  - 4: {fileID: 458240}
  m_Layer: 0
  m_Name: Bip001 R Foot
  m_TagString: Untagged
  m_Icon: {fileID: 0}
  m_NavMeshLayer: 0
  m_StaticEditorFlags: 0
  m_IsActive: 1
--- !u!1 &112712
GameObject:
  m_ObjectHideFlags: 1
  m_PrefabParentObject: {fileID: 0}
  m_PrefabInternal: {fileID: 100100000}
  serializedVersion: 4
  m_Component:
  - 4: {fileID: 468374}
  m_Layer: 0
  m_Name: Bip001 L Finger41
  m_TagString: Untagged
  m_Icon: {fileID: 0}
  m_NavMeshLayer: 0
  m_StaticEditorFlags: 0
  m_IsActive: 1
--- !u!1 &112734
GameObject:
  m_ObjectHideFlags: 1
  m_PrefabParentObject: {fileID: 0}
  m_PrefabInternal: {fileID: 100100000}
  serializedVersion: 4
  m_Component:
  - 4: {fileID: 466742}
  m_Layer: 0
  m_Name: Bip001 L Hand
  m_TagString: Untagged
  m_Icon: {fileID: 0}
  m_NavMeshLayer: 0
  m_StaticEditorFlags: 0
  m_IsActive: 1
--- !u!1 &113156
GameObject:
  m_ObjectHideFlags: 1
  m_PrefabParentObject: {fileID: 0}
  m_PrefabInternal: {fileID: 100100000}
  serializedVersion: 4
  m_Component:
  - 4: {fileID: 494592}
  m_Layer: 0
  m_Name: Bip001
  m_TagString: Untagged
  m_Icon: {fileID: 0}
  m_NavMeshLayer: 0
  m_StaticEditorFlags: 0
  m_IsActive: 1
--- !u!1 &114032
GameObject:
  m_ObjectHideFlags: 1
  m_PrefabParentObject: {fileID: 0}
  m_PrefabInternal: {fileID: 100100000}
  serializedVersion: 4
  m_Component:
  - 4: {fileID: 481282}
  m_Layer: 0
  m_Name: Bip001 R UpperArm
  m_TagString: Untagged
  m_Icon: {fileID: 0}
  m_NavMeshLayer: 0
  m_StaticEditorFlags: 0
  m_IsActive: 1
--- !u!1 &117160
GameObject:
  m_ObjectHideFlags: 1
  m_PrefabParentObject: {fileID: 0}
  m_PrefabInternal: {fileID: 100100000}
  serializedVersion: 4
  m_Component:
  - 4: {fileID: 418600}
  m_Layer: 0
  m_Name: Bip001 R Finger1
  m_TagString: Untagged
  m_Icon: {fileID: 0}
  m_NavMeshLayer: 0
  m_StaticEditorFlags: 0
  m_IsActive: 1
--- !u!1 &117402
GameObject:
  m_ObjectHideFlags: 1
  m_PrefabParentObject: {fileID: 0}
  m_PrefabInternal: {fileID: 100100000}
  serializedVersion: 4
  m_Component:
  - 4: {fileID: 497362}
  m_Layer: 0
  m_Name: Bip001 R Clavicle
  m_TagString: Untagged
  m_Icon: {fileID: 0}
  m_NavMeshLayer: 0
  m_StaticEditorFlags: 0
  m_IsActive: 1
--- !u!1 &122150
GameObject:
  m_ObjectHideFlags: 1
  m_PrefabParentObject: {fileID: 0}
  m_PrefabInternal: {fileID: 100100000}
  serializedVersion: 4
  m_Component:
  - 4: {fileID: 404110}
  m_Layer: 0
  m_Name: Bip001 Pelvis
  m_TagString: Untagged
  m_Icon: {fileID: 0}
  m_NavMeshLayer: 0
  m_StaticEditorFlags: 0
  m_IsActive: 1
--- !u!1 &122156
GameObject:
  m_ObjectHideFlags: 1
  m_PrefabParentObject: {fileID: 0}
  m_PrefabInternal: {fileID: 100100000}
  serializedVersion: 4
  m_Component:
  - 4: {fileID: 493568}
  m_Layer: 0
  m_Name: Bip001 R Calf
  m_TagString: Untagged
  m_Icon: {fileID: 0}
  m_NavMeshLayer: 0
  m_StaticEditorFlags: 0
  m_IsActive: 1
--- !u!1 &122326
GameObject:
  m_ObjectHideFlags: 1
  m_PrefabParentObject: {fileID: 0}
  m_PrefabInternal: {fileID: 100100000}
  serializedVersion: 4
  m_Component:
  - 4: {fileID: 427718}
  m_Layer: 0
  m_Name: Bip001 L Finger11
  m_TagString: Untagged
  m_Icon: {fileID: 0}
  m_NavMeshLayer: 0
  m_StaticEditorFlags: 0
  m_IsActive: 1
--- !u!1 &123260
GameObject:
  m_ObjectHideFlags: 1
  m_PrefabParentObject: {fileID: 0}
  m_PrefabInternal: {fileID: 100100000}
  serializedVersion: 4
  m_Component:
  - 4: {fileID: 443242}
  m_Layer: 0
  m_Name: HLP_Hit_Area
  m_TagString: Untagged
  m_Icon: {fileID: 0}
  m_NavMeshLayer: 0
  m_StaticEditorFlags: 0
  m_IsActive: 1
--- !u!1 &124968
GameObject:
  m_ObjectHideFlags: 1
  m_PrefabParentObject: {fileID: 0}
  m_PrefabInternal: {fileID: 100100000}
  serializedVersion: 4
  m_Component:
  - 4: {fileID: 400294}
  m_Layer: 0
  m_Name: Bip001 R Forearm
  m_TagString: Untagged
  m_Icon: {fileID: 0}
  m_NavMeshLayer: 0
  m_StaticEditorFlags: 0
  m_IsActive: 1
--- !u!1 &128698
GameObject:
  m_ObjectHideFlags: 1
  m_PrefabParentObject: {fileID: 0}
  m_PrefabInternal: {fileID: 100100000}
  serializedVersion: 4
  m_Component:
  - 4: {fileID: 445196}
  m_Layer: 0
  m_Name: Bip001 L Finger1
  m_TagString: Untagged
  m_Icon: {fileID: 0}
  m_NavMeshLayer: 0
  m_StaticEditorFlags: 0
  m_IsActive: 1
--- !u!1 &130670
GameObject:
  m_ObjectHideFlags: 1
  m_PrefabParentObject: {fileID: 0}
  m_PrefabInternal: {fileID: 100100000}
  serializedVersion: 4
  m_Component:
  - 4: {fileID: 402490}
  m_Layer: 0
  m_Name: HLP_Hit_Range
  m_TagString: Untagged
  m_Icon: {fileID: 0}
  m_NavMeshLayer: 0
  m_StaticEditorFlags: 0
  m_IsActive: 1
--- !u!1 &132572
GameObject:
  m_ObjectHideFlags: 1
  m_PrefabParentObject: {fileID: 0}
  m_PrefabInternal: {fileID: 100100000}
  serializedVersion: 4
  m_Component:
  - 4: {fileID: 434822}
  m_Layer: 0
  m_Name: Bip001 L UpperArm
  m_TagString: Untagged
  m_Icon: {fileID: 0}
  m_NavMeshLayer: 0
  m_StaticEditorFlags: 0
  m_IsActive: 1
--- !u!1 &133382
GameObject:
  m_ObjectHideFlags: 1
  m_PrefabParentObject: {fileID: 0}
  m_PrefabInternal: {fileID: 100100000}
  serializedVersion: 4
  m_Component:
  - 4: {fileID: 405402}
  m_Layer: 0
  m_Name: Bip001 L Finger01
  m_TagString: Untagged
  m_Icon: {fileID: 0}
  m_NavMeshLayer: 0
  m_StaticEditorFlags: 0
  m_IsActive: 1
--- !u!1 &137564
GameObject:
  m_ObjectHideFlags: 0
  m_PrefabParentObject: {fileID: 0}
  m_PrefabInternal: {fileID: 100100000}
  serializedVersion: 4
  m_Component:
  - 4: {fileID: 416324}
  - 95: {fileID: 9535440}
  - 136: {fileID: 13618796}
  - 114: {fileID: 11450278}
  m_Layer: 0
  m_Name: Poor_Riot_Gladiator
  m_TagString: Untagged
  m_Icon: {fileID: 0}
  m_NavMeshLayer: 0
  m_StaticEditorFlags: 0
  m_IsActive: 1
--- !u!1 &137576
GameObject:
  m_ObjectHideFlags: 1
  m_PrefabParentObject: {fileID: 0}
  m_PrefabInternal: {fileID: 100100000}
  serializedVersion: 4
  m_Component:
  - 4: {fileID: 443324}
  m_Layer: 0
  m_Name: Bip001 R Finger01
  m_TagString: Untagged
  m_Icon: {fileID: 0}
  m_NavMeshLayer: 0
  m_StaticEditorFlags: 0
  m_IsActive: 1
--- !u!1 &137730
GameObject:
  m_ObjectHideFlags: 1
  m_PrefabParentObject: {fileID: 0}
  m_PrefabInternal: {fileID: 100100000}
  serializedVersion: 4
  m_Component:
  - 4: {fileID: 496228}
  m_Layer: 0
  m_Name: Bip001 L Calf
  m_TagString: Untagged
  m_Icon: {fileID: 0}
  m_NavMeshLayer: 0
  m_StaticEditorFlags: 0
  m_IsActive: 1
--- !u!1 &138016
GameObject:
  m_ObjectHideFlags: 1
  m_PrefabParentObject: {fileID: 0}
  m_PrefabInternal: {fileID: 100100000}
  serializedVersion: 4
  m_Component:
  - 4: {fileID: 462346}
  m_Layer: 0
  m_Name: Bip001 L Finger21
  m_TagString: Untagged
  m_Icon: {fileID: 0}
  m_NavMeshLayer: 0
  m_StaticEditorFlags: 0
  m_IsActive: 1
--- !u!1 &139594
GameObject:
  m_ObjectHideFlags: 1
  m_PrefabParentObject: {fileID: 0}
  m_PrefabInternal: {fileID: 100100000}
  serializedVersion: 4
  m_Component:
  - 4: {fileID: 434040}
  m_Layer: 0
  m_Name: Bip001 L Forearm
  m_TagString: Untagged
  m_Icon: {fileID: 0}
  m_NavMeshLayer: 0
  m_StaticEditorFlags: 0
  m_IsActive: 1
--- !u!1 &140018
GameObject:
  m_ObjectHideFlags: 1
  m_PrefabParentObject: {fileID: 0}
  m_PrefabInternal: {fileID: 100100000}
  serializedVersion: 4
  m_Component:
  - 4: {fileID: 412052}
  m_Layer: 0
  m_Name: Bip001 L Toe0
  m_TagString: Untagged
  m_Icon: {fileID: 0}
  m_NavMeshLayer: 0
  m_StaticEditorFlags: 0
  m_IsActive: 1
--- !u!1 &143744
GameObject:
  m_ObjectHideFlags: 1
  m_PrefabParentObject: {fileID: 0}
  m_PrefabInternal: {fileID: 100100000}
  serializedVersion: 4
  m_Component:
  - 4: {fileID: 429062}
  m_Layer: 0
  m_Name: Bip001 R Finger0
  m_TagString: Untagged
  m_Icon: {fileID: 0}
  m_NavMeshLayer: 0
  m_StaticEditorFlags: 0
  m_IsActive: 1
--- !u!1 &144600
GameObject:
  m_ObjectHideFlags: 1
  m_PrefabParentObject: {fileID: 0}
  m_PrefabInternal: {fileID: 100100000}
  serializedVersion: 4
  m_Component:
  - 4: {fileID: 494388}
  m_Layer: 0
  m_Name: Bip001 Spine1
  m_TagString: Untagged
  m_Icon: {fileID: 0}
  m_NavMeshLayer: 0
  m_StaticEditorFlags: 0
  m_IsActive: 1
--- !u!1 &146338
GameObject:
  m_ObjectHideFlags: 1
  m_PrefabParentObject: {fileID: 0}
  m_PrefabInternal: {fileID: 100100000}
  serializedVersion: 4
  m_Component:
  - 4: {fileID: 422026}
  m_Layer: 0
  m_Name: Bip001 R Finger2
  m_TagString: Untagged
  m_Icon: {fileID: 0}
  m_NavMeshLayer: 0
  m_StaticEditorFlags: 0
  m_IsActive: 1
--- !u!1 &149298
GameObject:
  m_ObjectHideFlags: 1
  m_PrefabParentObject: {fileID: 0}
  m_PrefabInternal: {fileID: 100100000}
  serializedVersion: 4
  m_Component:
  - 4: {fileID: 404692}
  m_Layer: 0
  m_Name: Bip001 R Hand
  m_TagString: Untagged
  m_Icon: {fileID: 0}
  m_NavMeshLayer: 0
  m_StaticEditorFlags: 0
  m_IsActive: 1
--- !u!1 &160330
GameObject:
  m_ObjectHideFlags: 1
  m_PrefabParentObject: {fileID: 0}
  m_PrefabInternal: {fileID: 100100000}
  serializedVersion: 4
  m_Component:
  - 4: {fileID: 454822}
  m_Layer: 0
  m_Name: Bip001 L Finger4
  m_TagString: Untagged
  m_Icon: {fileID: 0}
  m_NavMeshLayer: 0
  m_StaticEditorFlags: 0
  m_IsActive: 1
--- !u!1 &161122
GameObject:
  m_ObjectHideFlags: 1
  m_PrefabParentObject: {fileID: 0}
  m_PrefabInternal: {fileID: 100100000}
  serializedVersion: 4
  m_Component:
  - 4: {fileID: 435670}
  m_Layer: 0
  m_Name: Bip001 Spine2
  m_TagString: Untagged
  m_Icon: {fileID: 0}
  m_NavMeshLayer: 0
  m_StaticEditorFlags: 0
  m_IsActive: 1
--- !u!1 &162292
GameObject:
  m_ObjectHideFlags: 1
  m_PrefabParentObject: {fileID: 0}
  m_PrefabInternal: {fileID: 100100000}
  serializedVersion: 4
  m_Component:
  - 4: {fileID: 413256}
  m_Layer: 0
  m_Name: Bip001 Spine
  m_TagString: Untagged
  m_Icon: {fileID: 0}
  m_NavMeshLayer: 0
  m_StaticEditorFlags: 0
  m_IsActive: 1
--- !u!1 &166672
GameObject:
  m_ObjectHideFlags: 0
  m_PrefabParentObject: {fileID: 0}
  m_PrefabInternal: {fileID: 100100000}
  serializedVersion: 4
  m_Component:
  - 4: {fileID: 432442}
  m_Layer: 0
  m_Name: NPC_HumanPoor1_Model
  m_TagString: Untagged
  m_Icon: {fileID: 0}
  m_NavMeshLayer: 0
  m_StaticEditorFlags: 0
  m_IsActive: 1
--- !u!1 &166998
GameObject:
  m_ObjectHideFlags: 1
  m_PrefabParentObject: {fileID: 0}
  m_PrefabInternal: {fileID: 100100000}
  serializedVersion: 4
  m_Component:
  - 4: {fileID: 418070}
  m_Layer: 0
  m_Name: Bip001 Neck
  m_TagString: Untagged
  m_Icon: {fileID: 0}
  m_NavMeshLayer: 0
  m_StaticEditorFlags: 0
  m_IsActive: 1
--- !u!1 &170500
GameObject:
  m_ObjectHideFlags: 1
  m_PrefabParentObject: {fileID: 0}
  m_PrefabInternal: {fileID: 100100000}
  serializedVersion: 4
  m_Component:
  - 4: {fileID: 479460}
  m_Layer: 0
  m_Name: Bip001 R Thigh
  m_TagString: Untagged
  m_Icon: {fileID: 0}
  m_NavMeshLayer: 0
  m_StaticEditorFlags: 0
  m_IsActive: 1
--- !u!1 &171908
GameObject:
  m_ObjectHideFlags: 1
  m_PrefabParentObject: {fileID: 0}
  m_PrefabInternal: {fileID: 100100000}
  serializedVersion: 4
  m_Component:
  - 4: {fileID: 488174}
  m_Layer: 0
  m_Name: Bip001 L Finger3
  m_TagString: Untagged
  m_Icon: {fileID: 0}
  m_NavMeshLayer: 0
  m_StaticEditorFlags: 0
  m_IsActive: 1
--- !u!1 &175350
GameObject:
  m_ObjectHideFlags: 1
  m_PrefabParentObject: {fileID: 0}
  m_PrefabInternal: {fileID: 100100000}
  serializedVersion: 4
  m_Component:
  - 4: {fileID: 440380}
  m_Layer: 0
  m_Name: Bip001 R Finger3
  m_TagString: Untagged
  m_Icon: {fileID: 0}
  m_NavMeshLayer: 0
  m_StaticEditorFlags: 0
  m_IsActive: 1
--- !u!1 &175486
GameObject:
  m_ObjectHideFlags: 1
  m_PrefabParentObject: {fileID: 0}
  m_PrefabInternal: {fileID: 100100000}
  serializedVersion: 4
  m_Component:
  - 4: {fileID: 403950}
  m_Layer: 0
  m_Name: Bip001 L Foot
  m_TagString: Untagged
  m_Icon: {fileID: 0}
  m_NavMeshLayer: 0
  m_StaticEditorFlags: 0
  m_IsActive: 1
--- !u!1 &175496
GameObject:
  m_ObjectHideFlags: 1
  m_PrefabParentObject: {fileID: 0}
  m_PrefabInternal: {fileID: 100100000}
  serializedVersion: 4
  m_Component:
  - 4: {fileID: 449296}
  m_Layer: 0
  m_Name: Bip001 L Clavicle
  m_TagString: Untagged
  m_Icon: {fileID: 0}
  m_NavMeshLayer: 0
  m_StaticEditorFlags: 0
  m_IsActive: 1
--- !u!1 &182176
GameObject:
  m_ObjectHideFlags: 1
  m_PrefabParentObject: {fileID: 0}
  m_PrefabInternal: {fileID: 100100000}
  serializedVersion: 4
  m_Component:
  - 4: {fileID: 407576}
  m_Layer: 0
  m_Name: Bip001 R Finger11
  m_TagString: Untagged
  m_Icon: {fileID: 0}
  m_NavMeshLayer: 0
  m_StaticEditorFlags: 0
  m_IsActive: 1
--- !u!1 &182560
GameObject:
  m_ObjectHideFlags: 1
  m_PrefabParentObject: {fileID: 0}
  m_PrefabInternal: {fileID: 100100000}
  serializedVersion: 4
  m_Component:
  - 4: {fileID: 468434}
  m_Layer: 0
  m_Name: Bip001 R Finger31
  m_TagString: Untagged
  m_Icon: {fileID: 0}
  m_NavMeshLayer: 0
  m_StaticEditorFlags: 0
  m_IsActive: 1
--- !u!1 &186330
GameObject:
  m_ObjectHideFlags: 1
  m_PrefabParentObject: {fileID: 0}
  m_PrefabInternal: {fileID: 100100000}
  serializedVersion: 4
  m_Component:
  - 4: {fileID: 478632}
  m_Layer: 0
  m_Name: Bip001 R Finger4
  m_TagString: Untagged
  m_Icon: {fileID: 0}
  m_NavMeshLayer: 0
  m_StaticEditorFlags: 0
  m_IsActive: 1
--- !u!1 &187528
GameObject:
  m_ObjectHideFlags: 1
  m_PrefabParentObject: {fileID: 0}
  m_PrefabInternal: {fileID: 100100000}
  serializedVersion: 4
  m_Component:
  - 4: {fileID: 493026}
  - 137: {fileID: 13784718}
  m_Layer: 0
  m_Name: NPC_HumanPoor1_Body
  m_TagString: Untagged
  m_Icon: {fileID: 0}
  m_NavMeshLayer: 0
  m_StaticEditorFlags: 0
  m_IsActive: 1
--- !u!1 &188074
GameObject:
  m_ObjectHideFlags: 1
  m_PrefabParentObject: {fileID: 0}
  m_PrefabInternal: {fileID: 100100000}
  serializedVersion: 4
  m_Component:
  - 4: {fileID: 475592}
  m_Layer: 0
  m_Name: HLP_L_Hand
  m_TagString: Untagged
  m_Icon: {fileID: 0}
  m_NavMeshLayer: 0
  m_StaticEditorFlags: 0
  m_IsActive: 1
--- !u!1 &195752
GameObject:
  m_ObjectHideFlags: 1
  m_PrefabParentObject: {fileID: 0}
  m_PrefabInternal: {fileID: 100100000}
  serializedVersion: 4
  m_Component:
  - 4: {fileID: 479168}
  m_Layer: 0
  m_Name: Bip001 Head
  m_TagString: Untagged
  m_Icon: {fileID: 0}
  m_NavMeshLayer: 0
  m_StaticEditorFlags: 0
  m_IsActive: 1
--- !u!1 &196126
GameObject:
  m_ObjectHideFlags: 1
  m_PrefabParentObject: {fileID: 0}
  m_PrefabInternal: {fileID: 100100000}
  serializedVersion: 4
  m_Component:
  - 4: {fileID: 416372}
  m_Layer: 0
  m_Name: Bip001 R Finger41
  m_TagString: Untagged
  m_Icon: {fileID: 0}
  m_NavMeshLayer: 0
  m_StaticEditorFlags: 0
  m_IsActive: 1
--- !u!4 &400294
Transform:
  m_ObjectHideFlags: 1
  m_PrefabParentObject: {fileID: 0}
  m_PrefabInternal: {fileID: 100100000}
  m_GameObject: {fileID: 124968}
  m_LocalRotation: {x: 0.000000015564426, y: -0.000000042563613, z: 0.18436056, w: 0.98285866}
  m_LocalPosition: {x: -0.2673807, y: 0, z: 0}
  m_LocalScale: {x: 1, y: 1.0000001, z: 1.0000001}
  m_LocalEulerAnglesHint: {x: 0, y: 0, z: 21.2477}
  m_Children:
  - {fileID: 404692}
  m_Father: {fileID: 481282}
  m_RootOrder: 0
--- !u!4 &402490
Transform:
  m_ObjectHideFlags: 1
  m_PrefabParentObject: {fileID: 0}
  m_PrefabInternal: {fileID: 100100000}
  m_GameObject: {fileID: 130670}
  m_LocalRotation: {x: -0.7071067, y: -0.000000021073422, z: 0.000000021073426, w: 0.7071068}
  m_LocalPosition: {x: 0.00000006103515, y: 1.3999999, z: 1.7999998}
  m_LocalScale: {x: 0.99999994, y: 1, z: 1}
  m_LocalEulerAnglesHint: {x: -89.980194, y: 0, z: 0}
  m_Children: []
  m_Father: {fileID: 432442}
  m_RootOrder: 2
--- !u!4 &403324
Transform:
  m_ObjectHideFlags: 1
  m_PrefabParentObject: {fileID: 0}
  m_PrefabInternal: {fileID: 100100000}
  m_GameObject: {fileID: 108748}
  m_LocalRotation: {x: 0.0000000025944131, y: 0.000000014673568, z: -0.17410812, w: 0.98472655}
  m_LocalPosition: {x: -0.04473303, y: 0.000000030517576, z: 0.000000015258788}
  m_LocalScale: {x: 1, y: 1, z: 1}
  m_LocalEulerAnglesHint: {x: 0, y: 0, z: -20.0535}
  m_Children: []
  m_Father: {fileID: 488174}
  m_RootOrder: 0
--- !u!4 &403950
Transform:
  m_ObjectHideFlags: 1
  m_PrefabParentObject: {fileID: 0}
  m_PrefabInternal: {fileID: 100100000}
  m_GameObject: {fileID: 175486}
  m_LocalRotation: {x: -0.12339113, y: 0.06977499, z: -0.051778078, w: 0.98854697}
  m_LocalPosition: {x: -0.36003196, y: 0, z: 0}
  m_LocalScale: {x: 1, y: 0.9999999, z: 0.9999999}
  m_LocalEulerAnglesHint: {x: -13.6936, y: 8.9249, z: -7.0703998}
  m_Children:
  - {fileID: 412052}
  m_Father: {fileID: 496228}
  m_RootOrder: 0
--- !u!4 &404110
Transform:
  m_ObjectHideFlags: 1
  m_PrefabParentObject: {fileID: 0}
  m_PrefabInternal: {fileID: 100100000}
  m_GameObject: {fileID: 122150}
  m_LocalRotation: {x: -0.5, y: 0.5, z: 0.4999993, w: 0.5000007}
  m_LocalPosition: {x: 0, y: 0, z: 0}
  m_LocalScale: {x: 1, y: 0.99999994, z: 0.99999994}
  m_LocalEulerAnglesHint: {x: -90, y: 89.9999, z: 0}
  m_Children:
  - {fileID: 413256}
  m_Father: {fileID: 494592}
  m_RootOrder: 0
--- !u!4 &404528
Transform:
  m_ObjectHideFlags: 1
  m_PrefabParentObject: {fileID: 0}
  m_PrefabInternal: {fileID: 100100000}
  m_GameObject: {fileID: 103284}
  m_LocalRotation: {x: 0.000000007217421, y: -0.0000000018493206, z: -0.2482116, w: 0.96870583}
  m_LocalPosition: {x: -0.047469236, y: 0, z: 0}
  m_LocalScale: {x: 1, y: 1, z: 1}
  m_LocalEulerAnglesHint: {x: 0, y: 0, z: -28.743399}
  m_Children: []
  m_Father: {fileID: 422026}
  m_RootOrder: 0
--- !u!4 &404692
Transform:
  m_ObjectHideFlags: 1
  m_PrefabParentObject: {fileID: 0}
  m_PrefabInternal: {fileID: 100100000}
  m_GameObject: {fileID: 149298}
  m_LocalRotation: {x: 0.70500934, y: 0.13748829, z: -0.08853971, w: 0.6900866}
  m_LocalPosition: {x: -0.27863437, y: 0, z: -0.00000006103515}
  m_LocalScale: {x: 1.0000001, y: 1.0000001, z: 1.0000001}
  m_LocalEulerAnglesHint: {x: 85.8526, y: 116.1576, z: 97.7518}
  m_Children:
  - {fileID: 429062}
  - {fileID: 418600}
  - {fileID: 422026}
  - {fileID: 440380}
  - {fileID: 478632}
  - {fileID: 453114}
  - {fileID: 493812}
  m_Father: {fileID: 400294}
  m_RootOrder: 0
--- !u!4 &405402
Transform:
  m_ObjectHideFlags: 1
  m_PrefabParentObject: {fileID: 0}
  m_PrefabInternal: {fileID: 100100000}
  m_GameObject: {fileID: 133382}
  m_LocalRotation: {x: 0, y: 0, z: 0.0046112286, w: 0.9999894}
  m_LocalPosition: {x: -0.044830043, y: 0, z: -0.000000030517576}
  m_LocalScale: {x: 0.99999994, y: 1.0000001, z: 0.99999994}
  m_LocalEulerAnglesHint: {x: 0, y: 0, z: 0.5284}
  m_Children: []
  m_Father: {fileID: 488280}
  m_RootOrder: 0
--- !u!4 &407576
Transform:
  m_ObjectHideFlags: 1
  m_PrefabParentObject: {fileID: 0}
  m_PrefabInternal: {fileID: 100100000}
  m_GameObject: {fileID: 182176}
  m_LocalRotation: {x: -0.000000012469857, y: 0.00000004839943, z: -0.20991398, w: 0.9777199}
  m_LocalPosition: {x: -0.043901425, y: 0, z: -0.000000030517576}
  m_LocalScale: {x: 1, y: 1, z: 1}
  m_LocalEulerAnglesHint: {x: 0, y: 0, z: -24.2346}
  m_Children: []
  m_Father: {fileID: 418600}
  m_RootOrder: 0
--- !u!4 &412052
Transform:
  m_ObjectHideFlags: 1
  m_PrefabParentObject: {fileID: 0}
  m_PrefabInternal: {fileID: 100100000}
  m_GameObject: {fileID: 140018}
  m_LocalRotation: {x: 0.000000004917604, y: -0.000000025991023, z: -0.7071068, w: 0.7071068}
  m_LocalPosition: {x: -0.09385425, y: 0.11357196, z: 0}
  m_LocalScale: {x: 1, y: 1, z: 1}
  m_LocalEulerAnglesHint: {x: 0, y: 0, z: -90}
  m_Children: []
  m_Father: {fileID: 403950}
  m_RootOrder: 0
--- !u!4 &412090
Transform:
  m_ObjectHideFlags: 1
  m_PrefabParentObject: {fileID: 0}
  m_PrefabInternal: {fileID: 100100000}
  m_GameObject: {fileID: 105974}
  m_LocalRotation: {x: -0.0022327835, y: -0.01877982, z: -0.08346161, w: 0.9963315}
  m_LocalPosition: {x: -0.12568939, y: 0.0035606688, z: -0.000071441646}
  m_LocalScale: {x: 1.0000001, y: 0.99999994, z: 1}
  m_LocalEulerAnglesHint: {x: -0.4346, y: -2.1232998, z: -9.5688}
  m_Children:
  - {fileID: 462346}
  m_Father: {fileID: 466742}
  m_RootOrder: 2
--- !u!4 &413256
Transform:
  m_ObjectHideFlags: 1
  m_PrefabParentObject: {fileID: 0}
  m_PrefabInternal: {fileID: 100100000}
  m_GameObject: {fileID: 162292}
  m_LocalRotation: {x: -0.0000021087055, y: 0.0000007232494, z: -0.04401716, w: 0.99903077}
  m_LocalPosition: {x: -0.047613584, y: -0.00011618661, z: 0.00000006619142}
  m_LocalScale: {x: 1.0000001, y: 1, z: 0.99999994}
  m_LocalEulerAnglesHint: {x: -0.0002, y: 0.0001, z: -5.0457}
  m_Children:
  - {fileID: 491966}
  - {fileID: 479460}
  - {fileID: 494388}
  m_Father: {fileID: 404110}
  m_RootOrder: 0
--- !u!4 &416324
Transform:
  m_ObjectHideFlags: 1
  m_PrefabParentObject: {fileID: 0}
  m_PrefabInternal: {fileID: 100100000}
  m_GameObject: {fileID: 137564}
  m_LocalRotation: {x: 0, y: 0, z: 0, w: 1}
  m_LocalPosition: {x: 0, y: 0, z: 0}
  m_LocalScale: {x: 1, y: 1, z: 1}
  m_LocalEulerAnglesHint: {x: 0, y: 0, z: 0}
  m_Children:
  - {fileID: 432442}
  m_Father: {fileID: 0}
  m_RootOrder: 0
--- !u!4 &416372
Transform:
  m_ObjectHideFlags: 1
  m_PrefabParentObject: {fileID: 0}
  m_PrefabInternal: {fileID: 100100000}
  m_GameObject: {fileID: 196126}
  m_LocalRotation: {x: -0.0000000022535247, y: -0.000000003384628, z: -0.17410813,
    w: 0.98472655}
  m_LocalPosition: {x: -0.03403552, y: 0, z: 0}
  m_LocalScale: {x: 1.0000001, y: 1.0000001, z: 1}
  m_LocalEulerAnglesHint: {x: 0, y: 0, z: -20.0535}
  m_Children: []
  m_Father: {fileID: 478632}
  m_RootOrder: 0
--- !u!4 &418070
Transform:
  m_ObjectHideFlags: 1
  m_PrefabParentObject: {fileID: 0}
  m_PrefabInternal: {fileID: 100100000}
  m_GameObject: {fileID: 166998}
  m_LocalRotation: {x: -1.0889291e-14, y: 0.00000038724357, z: -0.13961767, w: 0.9902055}
  m_LocalPosition: {x: -0.18234813, y: 0.00027416227, z: -0.00000006011285}
  m_LocalScale: {x: 1.0000001, y: 1, z: 1}
  m_LocalEulerAnglesHint: {x: 0, y: 0, z: -16.0515}
  m_Children:
  - {fileID: 479168}
  - {fileID: 449296}
  - {fileID: 497362}
  m_Father: {fileID: 435670}
  m_RootOrder: 0
--- !u!4 &418600
Transform:
  m_ObjectHideFlags: 1
  m_PrefabParentObject: {fileID: 0}
  m_PrefabInternal: {fileID: 100100000}
  m_GameObject: {fileID: 117160}
  m_LocalRotation: {x: 0.010891803, y: 0.10014683, z: -0.054443475, w: 0.9934223}
  m_LocalPosition: {x: -0.12083935, y: 0.003021179, z: 0.028200438}
  m_LocalScale: {x: 1, y: 1.0000001, z: 1}
  m_LocalEulerAnglesHint: {x: 1.865, y: 11.413899, z: -6.0874}
  m_Children:
  - {fileID: 407576}
  m_Father: {fileID: 404692}
  m_RootOrder: 1
--- !u!4 &422026
Transform:
  m_ObjectHideFlags: 1
  m_PrefabParentObject: {fileID: 0}
  m_PrefabInternal: {fileID: 100100000}
  m_GameObject: {fileID: 146338}
  m_LocalRotation: {x: 0.002232777, y: 0.018779835, z: -0.08346161, w: 0.9963315}
  m_LocalPosition: {x: -0.12568939, y: 0.0035606076, z: 0.00007147216}
  m_LocalScale: {x: 1.0000001, y: 1.0000001, z: 1.0000001}
  m_LocalEulerAnglesHint: {x: 0.43449998, y: 2.1232998, z: -9.5688}
  m_Children:
  - {fileID: 404528}
  m_Father: {fileID: 404692}
  m_RootOrder: 2
--- !u!4 &427718
Transform:
  m_ObjectHideFlags: 1
  m_PrefabParentObject: {fileID: 0}
  m_PrefabInternal: {fileID: 100100000}
  m_GameObject: {fileID: 122326}
  m_LocalRotation: {x: 0.0000000051852753, y: -0.000000046835446, z: -0.20991398,
    w: 0.9777199}
  m_LocalPosition: {x: -0.043901425, y: 0, z: 0.000000030517576}
  m_LocalScale: {x: 1.0000001, y: 1.0000001, z: 1}
  m_LocalEulerAnglesHint: {x: 0, y: 0, z: -24.2346}
  m_Children: []
  m_Father: {fileID: 445196}
  m_RootOrder: 0
--- !u!4 &429062
Transform:
  m_ObjectHideFlags: 1
  m_PrefabParentObject: {fileID: 0}
  m_PrefabInternal: {fileID: 100100000}
  m_GameObject: {fileID: 143744}
  m_LocalRotation: {x: -0.6017415, y: 0.34032038, z: 0.061687615, w: 0.7199193}
  m_LocalPosition: {x: -0.048102412, y: 0.023594359, z: 0.04359927}
  m_LocalScale: {x: 1.0000002, y: 1.0000001, z: 1}
  m_LocalEulerAnglesHint: {x: -65.2849, y: 83.9346, z: -50.0984}
  m_Children:
  - {fileID: 443324}
  m_Father: {fileID: 404692}
  m_RootOrder: 0
--- !u!4 &432442
Transform:
  m_ObjectHideFlags: 1
  m_PrefabParentObject: {fileID: 0}
  m_PrefabInternal: {fileID: 100100000}
  m_GameObject: {fileID: 166672}
  m_LocalRotation: {x: 0, y: 0, z: 0, w: 1}
  m_LocalPosition: {x: 0, y: 0, z: 0}
  m_LocalScale: {x: 1, y: 1, z: 1}
  m_LocalEulerAnglesHint: {x: 0, y: 0, z: 0}
  m_Children:
  - {fileID: 494592}
  - {fileID: 443242}
  - {fileID: 402490}
  - {fileID: 493026}
  m_Father: {fileID: 416324}
  m_RootOrder: 0
--- !u!4 &434040
Transform:
  m_ObjectHideFlags: 1
  m_PrefabParentObject: {fileID: 0}
  m_PrefabInternal: {fileID: 100100000}
  m_GameObject: {fileID: 139594}
  m_LocalRotation: {x: -0.000000010070054, y: 0.0000000132721425, z: 0.18436056, w: 0.98285866}
  m_LocalPosition: {x: -0.2673807, y: 0, z: -0.00000006103515}
  m_LocalScale: {x: 0.99999994, y: 1, z: 1}
  m_LocalEulerAnglesHint: {x: 0, y: 0, z: 21.2477}
  m_Children:
  - {fileID: 466742}
  m_Father: {fileID: 434822}
  m_RootOrder: 0
--- !u!4 &434822
Transform:
  m_ObjectHideFlags: 1
  m_PrefabParentObject: {fileID: 0}
  m_PrefabInternal: {fileID: 100100000}
  m_GameObject: {fileID: 132572}
  m_LocalRotation: {x: 0.03926654, y: -0.43568373, z: -0.040266145, w: 0.898341}
  m_LocalPosition: {x: -0.13995801, y: 0, z: -0.0000001220703}
  m_LocalScale: {x: 1.0000001, y: 1, z: 1.0000002}
  m_LocalEulerAnglesHint: {x: 2.0323, y: -51.8542, z: -6.121}
  m_Children:
  - {fileID: 434040}
  m_Father: {fileID: 449296}
  m_RootOrder: 0
--- !u!4 &435670
Transform:
  m_ObjectHideFlags: 1
  m_PrefabParentObject: {fileID: 0}
  m_PrefabInternal: {fileID: 100100000}
  m_GameObject: {fileID: 161122}
  m_LocalRotation: {x: 3.402909e-15, y: -0.00000006507128, z: 0.023460947, w: 0.9997248}
  m_LocalPosition: {x: -0.14652099, y: -0.00013051604, z: -3.619934e-10}
  m_LocalScale: {x: 1, y: 1, z: 1}
  m_LocalEulerAnglesHint: {x: 0, y: 0, z: 2.6887}
  m_Children:
  - {fileID: 418070}
  m_Father: {fileID: 494388}
  m_RootOrder: 0
--- !u!4 &440380
Transform:
  m_ObjectHideFlags: 1
  m_PrefabParentObject: {fileID: 0}
  m_PrefabInternal: {fileID: 100100000}
  m_GameObject: {fileID: 175350}
  m_LocalRotation: {x: 0.08801101, y: -0.091488436, z: -0.10373333, w: 0.98647016}
  m_LocalPosition: {x: -0.12218731, y: 0.009582886, z: -0.023997953}
  m_LocalScale: {x: 1.0000001, y: 1, z: 1}
  m_LocalEulerAnglesHint: {x: 8.8970995, y: -11.6061, z: -12.9119}
  m_Children:
  - {fileID: 468434}
  m_Father: {fileID: 404692}
  m_RootOrder: 3
--- !u!4 &443242
Transform:
  m_ObjectHideFlags: 1
  m_PrefabParentObject: {fileID: 0}
  m_PrefabInternal: {fileID: 100100000}
  m_GameObject: {fileID: 123260}
  m_LocalRotation: {x: -0.7071067, y: -0.000000021073422, z: 0.000000021073426, w: 0.7071068}
  m_LocalPosition: {x: 0.000000015258788, y: 1.3999999, z: 0.59999996}
  m_LocalScale: {x: 0.99999994, y: 1, z: 1}
  m_LocalEulerAnglesHint: {x: -89.980194, y: 0, z: 0}
  m_Children: []
  m_Father: {fileID: 432442}
  m_RootOrder: 1
--- !u!4 &443324
Transform:
  m_ObjectHideFlags: 1
  m_PrefabParentObject: {fileID: 0}
  m_PrefabInternal: {fileID: 100100000}
  m_GameObject: {fileID: 137576}
  m_LocalRotation: {x: 0.0000000074505015, y: 3.435633e-11, z: 0.0046112286, w: 0.9999894}
  m_LocalPosition: {x: -0.044830136, y: 0, z: 0}
  m_LocalScale: {x: 0.9999999, y: 0.99999994, z: 0.99999994}
  m_LocalEulerAnglesHint: {x: 0, y: 0, z: 0.5284}
  m_Children: []
  m_Father: {fileID: 429062}
  m_RootOrder: 0
--- !u!4 &445196
Transform:
  m_ObjectHideFlags: 1
  m_PrefabParentObject: {fileID: 0}
  m_PrefabInternal: {fileID: 100100000}
  m_GameObject: {fileID: 128698}
  m_LocalRotation: {x: -0.010891812, y: -0.100146845, z: -0.054443475, w: 0.9934223}
  m_LocalPosition: {x: -0.12083935, y: 0.003021179, z: -0.028200377}
  m_LocalScale: {x: 1, y: 1.0000001, z: 1}
  m_LocalEulerAnglesHint: {x: -1.865, y: -11.413899, z: -6.0874}
  m_Children:
  - {fileID: 427718}
  m_Father: {fileID: 466742}
  m_RootOrder: 1
--- !u!4 &449296
Transform:
  m_ObjectHideFlags: 1
  m_PrefabParentObject: {fileID: 0}
  m_PrefabInternal: {fileID: 100100000}
  m_GameObject: {fileID: 175496}
  m_LocalRotation: {x: -0.63091093, y: -0.089214854, z: 0.76311743, w: -0.10790757}
  m_LocalPosition: {x: 0.04733691, y: -0.019163541, z: 0.063123226}
  m_LocalScale: {x: 1, y: 1.0000001, z: 1}
  m_LocalEulerAnglesHint: {x: 15.8025, y: -78.733795, z: -176.89499}
  m_Children:
  - {fileID: 434822}
  m_Father: {fileID: 418070}
  m_RootOrder: 1
--- !u!4 &453114
Transform:
  m_ObjectHideFlags: 1
  m_PrefabParentObject: {fileID: 0}
  m_PrefabInternal: {fileID: 100100000}
  m_GameObject: {fileID: 110496}
  m_LocalRotation: {x: 0.99630827, y: 0.016859096, z: 0.072308086, w: -0.043094687}
  m_LocalPosition: {x: -0.09886755, y: 0.033617552, z: -0.0010599975}
  m_LocalScale: {x: -0.9999999, y: -1.0000006, z: -0.9999995}
  m_LocalEulerAnglesHint: {x: -5.0664, y: 171.7676, z: 178.42589}
  m_Children: []
  m_Father: {fileID: 404692}
  m_RootOrder: 5
--- !u!4 &454822
Transform:
  m_ObjectHideFlags: 1
  m_PrefabParentObject: {fileID: 0}
  m_PrefabInternal: {fileID: 100100000}
  m_GameObject: {fileID: 160330}
  m_LocalRotation: {x: -0.13827896, y: 0.18762645, z: -0.06266782, w: 0.97043705}
  m_LocalPosition: {x: -0.1156162, y: 0.01683557, z: 0.05136627}
  m_LocalScale: {x: 1.0000001, y: 0.9999999, z: 1.0000001}
  m_LocalEulerAnglesHint: {x: -14.1739, y: 23.1705, z: -10.3097}
  m_Children:
  - {fileID: 468374}
  m_Father: {fileID: 466742}
  m_RootOrder: 4
--- !u!4 &458240
Transform:
  m_ObjectHideFlags: 1
  m_PrefabParentObject: {fileID: 0}
  m_PrefabInternal: {fileID: 100100000}
  m_GameObject: {fileID: 110580}
  m_LocalRotation: {x: 0.1233911, y: -0.069775075, z: -0.051778074, w: 0.98854697}
  m_LocalPosition: {x: -0.36003196, y: 0.000000015258788, z: -0.000000015258788}
  m_LocalScale: {x: 1, y: 1, z: 0.99999994}
  m_LocalEulerAnglesHint: {x: 13.6936, y: -8.9249, z: -7.0703998}
  m_Children:
  - {fileID: 482642}
  m_Father: {fileID: 493568}
  m_RootOrder: 0
--- !u!4 &462346
Transform:
  m_ObjectHideFlags: 1
  m_PrefabParentObject: {fileID: 0}
  m_PrefabInternal: {fileID: 100100000}
  m_GameObject: {fileID: 138016}
  m_LocalRotation: {x: 0, y: 0, z: -0.24821162, w: 0.96870583}
  m_LocalPosition: {x: -0.047469236, y: -0.000000030517576, z: 0.000000030517576}
  m_LocalScale: {x: 1.0000001, y: 1.0000001, z: 1}
  m_LocalEulerAnglesHint: {x: 0, y: 0, z: -28.743399}
  m_Children: []
  m_Father: {fileID: 412090}
  m_RootOrder: 0
--- !u!4 &466742
Transform:
  m_ObjectHideFlags: 1
  m_PrefabParentObject: {fileID: 0}
  m_PrefabInternal: {fileID: 100100000}
  m_GameObject: {fileID: 112734}
  m_LocalRotation: {x: -0.70500934, y: -0.13748828, z: -0.08853972, w: 0.6900866}
  m_LocalPosition: {x: -0.27863425, y: 0.000000015258788, z: 0.00000006103515}
  m_LocalScale: {x: 1, y: 1.0000001, z: 1.0000001}
  m_LocalEulerAnglesHint: {x: -85.8526, y: -116.1576, z: 97.7518}
  m_Children:
  - {fileID: 488280}
  - {fileID: 445196}
  - {fileID: 412090}
  - {fileID: 488174}
  - {fileID: 454822}
  - {fileID: 475592}
  m_Father: {fileID: 434040}
  m_RootOrder: 0
--- !u!4 &468374
Transform:
  m_ObjectHideFlags: 1
  m_PrefabParentObject: {fileID: 0}
  m_PrefabInternal: {fileID: 100100000}
  m_GameObject: {fileID: 112712}
  m_LocalRotation: {x: -0.000000007823236, y: -0.0000000014540873, z: -0.17410813,
    w: 0.98472655}
  m_LocalPosition: {x: -0.03403552, y: 0, z: 0.000000007629394}
  m_LocalScale: {x: 1.0000001, y: 1.0000001, z: 1.0000001}
  m_LocalEulerAnglesHint: {x: 0, y: 0, z: -20.0535}
  m_Children: []
  m_Father: {fileID: 454822}
  m_RootOrder: 0
--- !u!4 &468434
Transform:
  m_ObjectHideFlags: 1
  m_PrefabParentObject: {fileID: 0}
  m_PrefabInternal: {fileID: 100100000}
  m_GameObject: {fileID: 182560}
  m_LocalRotation: {x: 0, y: 0, z: -0.17410813, w: 0.98472655}
  m_LocalPosition: {x: -0.04473303, y: -0.000000030517576, z: 0}
  m_LocalScale: {x: 1.0000001, y: 1.0000001, z: 1}
  m_LocalEulerAnglesHint: {x: 0, y: 0, z: -20.0535}
  m_Children: []
  m_Father: {fileID: 440380}
  m_RootOrder: 0
--- !u!4 &475592
Transform:
  m_ObjectHideFlags: 1
  m_PrefabParentObject: {fileID: 0}
  m_PrefabInternal: {fileID: 100100000}
  m_GameObject: {fileID: 188074}
  m_LocalRotation: {x: -0.016859556, y: 0.9963082, z: -0.043096773, w: -0.07230733}
  m_LocalPosition: {x: -0.098868154, y: 0.033617917, z: 0.001059143}
  m_LocalScale: {x: 0.99999994, y: 1.0000006, z: 1.0000004}
  m_LocalEulerAnglesHint: {x: 5.0666, y: -171.7677, z: -1.5741}
  m_Children: []
  m_Father: {fileID: 466742}
  m_RootOrder: 5
--- !u!4 &478632
Transform:
  m_ObjectHideFlags: 1
  m_PrefabParentObject: {fileID: 0}
  m_PrefabInternal: {fileID: 100100000}
  m_GameObject: {fileID: 186330}
  m_LocalRotation: {x: 0.13827895, y: -0.18762644, z: -0.062667824, w: 0.97043705}
  m_LocalPosition: {x: -0.1156162, y: 0.016835509, z: -0.051366236}
  m_LocalScale: {x: 1.0000001, y: 1, z: 1.0000001}
  m_LocalEulerAnglesHint: {x: 14.1739, y: -23.1705, z: -10.3097}
  m_Children:
  - {fileID: 416372}
  m_Father: {fileID: 404692}
  m_RootOrder: 4
--- !u!4 &479168
Transform:
  m_ObjectHideFlags: 1
  m_PrefabParentObject: {fileID: 0}
  m_PrefabInternal: {fileID: 100100000}
  m_GameObject: {fileID: 195752}
  m_LocalRotation: {x: -2.7744582e-13, y: -0.00000024810726, z: 0.089453824, w: 0.995991}
  m_LocalPosition: {x: -0.10368127, y: 0.013741393, z: 0.0000000055030682}
  m_LocalScale: {x: 1, y: 1.0000001, z: 1}
  m_LocalEulerAnglesHint: {x: 0, y: 0, z: 10.2644}
  m_Children: []
  m_Father: {fileID: 418070}
  m_RootOrder: 0
--- !u!4 &479460
Transform:
  m_ObjectHideFlags: 1
  m_PrefabParentObject: {fileID: 0}
  m_PrefabInternal: {fileID: 100100000}
  m_GameObject: {fileID: 170500}
  m_LocalRotation: {x: -0.021374637, y: 0.99675745, z: -0.049651064, w: -0.059602987}
  m_LocalPosition: {x: 0.04741882, y: 0.0043035885, z: -0.08667475}
  m_LocalScale: {x: 0.9999999, y: 1, z: 1.0000001}
  m_LocalEulerAnglesHint: {x: 5.8272, y: -173.26349, z: -2.1137}
  m_Children:
  - {fileID: 493568}
  m_Father: {fileID: 413256}
  m_RootOrder: 1
--- !u!4 &481282
Transform:
  m_ObjectHideFlags: 1
  m_PrefabParentObject: {fileID: 0}
  m_PrefabInternal: {fileID: 100100000}
  m_GameObject: {fileID: 114032}
  m_LocalRotation: {x: -0.03926653, y: 0.43568376, z: -0.040266152, w: 0.898341}
  m_LocalPosition: {x: -0.139958, y: 0, z: 0.0000001220703}
  m_LocalScale: {x: 1, y: 0.99999994, z: 1.0000001}
  m_LocalEulerAnglesHint: {x: -2.0323, y: 51.8542, z: -6.121}
  m_Children:
  - {fileID: 400294}
  m_Father: {fileID: 497362}
  m_RootOrder: 0
--- !u!4 &482642
Transform:
  m_ObjectHideFlags: 1
  m_PrefabParentObject: {fileID: 0}
  m_PrefabInternal: {fileID: 100100000}
  m_GameObject: {fileID: 110244}
  m_LocalRotation: {x: -0.000000015454317, y: 0.00000001545431, z: -0.7071068, w: 0.7071068}
  m_LocalPosition: {x: -0.09385425, y: 0.11357196, z: 0}
  m_LocalScale: {x: 1, y: 1, z: 1}
  m_LocalEulerAnglesHint: {x: 0, y: 0, z: -90}
  m_Children: []
  m_Father: {fileID: 458240}
  m_RootOrder: 0
--- !u!4 &488174
Transform:
  m_ObjectHideFlags: 1
  m_PrefabParentObject: {fileID: 0}
  m_PrefabInternal: {fileID: 100100000}
  m_GameObject: {fileID: 171908}
  m_LocalRotation: {x: -0.088011034, y: 0.09148845, z: -0.10373332, w: 0.98647016}
  m_LocalPosition: {x: -0.12218731, y: 0.009582886, z: 0.023997985}
  m_LocalScale: {x: 1.0000001, y: 1, z: 0.99999994}
  m_LocalEulerAnglesHint: {x: -8.8970995, y: 11.606, z: -12.9119}
  m_Children:
  - {fileID: 403324}
  m_Father: {fileID: 466742}
  m_RootOrder: 3
--- !u!4 &488280
Transform:
  m_ObjectHideFlags: 1
  m_PrefabParentObject: {fileID: 0}
  m_PrefabInternal: {fileID: 100100000}
  m_GameObject: {fileID: 103476}
  m_LocalRotation: {x: 0.6017415, y: -0.34032038, z: 0.061687607, w: 0.7199193}
  m_LocalPosition: {x: -0.048102412, y: 0.02359442, z: -0.04359924}
  m_LocalScale: {x: 1.0000001, y: 1, z: 1}
  m_LocalEulerAnglesHint: {x: 65.2849, y: -83.9346, z: -50.0984}
  m_Children:
  - {fileID: 405402}
  m_Father: {fileID: 466742}
  m_RootOrder: 0
--- !u!4 &491966
Transform:
  m_ObjectHideFlags: 1
  m_PrefabParentObject: {fileID: 0}
  m_PrefabInternal: {fileID: 100100000}
  m_GameObject: {fileID: 101002}
  m_LocalRotation: {x: -0.021374464, y: 0.9967573, z: 0.049653824, w: 0.05960296}
  m_LocalPosition: {x: 0.04741882, y: 0.004303108, z: 0.086674765}
  m_LocalScale: {x: 0.9999998, y: 1, z: 1.0000001}
  m_LocalEulerAnglesHint: {x: -5.8275, y: 173.26349, z: -2.1136}
  m_Children:
  - {fileID: 496228}
  m_Father: {fileID: 413256}
  m_RootOrder: 0
--- !u!4 &493026
Transform:
  m_ObjectHideFlags: 1
  m_PrefabParentObject: {fileID: 0}
  m_PrefabInternal: {fileID: 100100000}
  m_GameObject: {fileID: 187528}
  m_LocalRotation: {x: -0.7071068, y: 0, z: -0, w: 0.7071068}
  m_LocalPosition: {x: 0, y: 0, z: 0}
  m_LocalScale: {x: 1, y: 1, z: 1}
  m_LocalEulerAnglesHint: {x: -90, y: 0, z: 0}
  m_Children: []
  m_Father: {fileID: 432442}
  m_RootOrder: 3
--- !u!4 &493568
Transform:
  m_ObjectHideFlags: 1
  m_PrefabParentObject: {fileID: 0}
  m_PrefabInternal: {fileID: 100100000}
  m_GameObject: {fileID: 122156}
  m_LocalRotation: {x: 0.0000000031053182, y: 0.0000000038548627, z: 0.04069754, w: 0.9991715}
  m_LocalPosition: {x: -0.4756398, y: -0.000000003814697, z: 0.000000030517576}
  m_LocalScale: {x: 1, y: 1, z: 1}
  m_LocalEulerAnglesHint: {x: 0, y: 0, z: 4.6649}
  m_Children:
  - {fileID: 458240}
  m_Father: {fileID: 479460}
  m_RootOrder: 0
--- !u!4 &493812
Transform:
  m_ObjectHideFlags: 1
  m_PrefabParentObject: {fileID: 0}
  m_PrefabInternal: {fileID: 100100000}
  m_GameObject: {fileID: 101176}
  m_LocalRotation: {x: 0.11770161, y: 0.13388646, z: 0.18375237, w: 0.96667254}
  m_LocalPosition: {x: 0.072, y: 0.064, z: -0.056}
  m_LocalScale: {x: 10, y: 10, z: 10}
  m_LocalEulerAnglesHint: {x: 10.2739, y: 17.8802, z: 23.1461}
  m_Children: []
  m_Father: {fileID: 404692}
  m_RootOrder: 6
--- !u!4 &494388
Transform:
  m_ObjectHideFlags: 1
  m_PrefabParentObject: {fileID: 0}
  m_PrefabInternal: {fileID: 100100000}
  m_GameObject: {fileID: 144600}
  m_LocalRotation: {x: -5.6819448e-14, y: -0.00000017315392, z: 0.062429298, w: 0.9980494}
  m_LocalPosition: {x: -0.14651237, y: -0.000115753166, z: -3.2104433e-10}
  m_LocalScale: {x: 1, y: 1, z: 1}
  m_LocalEulerAnglesHint: {x: 0, y: 0, z: 7.1584997}
  m_Children:
  - {fileID: 435670}
  m_Father: {fileID: 413256}
  m_RootOrder: 2
--- !u!4 &494592
Transform:
  m_ObjectHideFlags: 1
  m_PrefabParentObject: {fileID: 0}
  m_PrefabInternal: {fileID: 100100000}
  m_GameObject: {fileID: 113156}
  m_LocalRotation: {x: -0.50000036, y: 0.49999964, z: 0.49999964, w: 0.50000036}
  m_LocalPosition: {x: -0.0000000012518969, y: 0.92757624, z: -0.004413986}
  m_LocalScale: {x: 0.99999994, y: 0.99999994, z: 1}
  m_LocalEulerAnglesHint: {x: -90, y: 89.9999, z: 0}
  m_Children:
  - {fileID: 404110}
  m_Father: {fileID: 432442}
  m_RootOrder: 0
--- !u!4 &496228
Transform:
  m_ObjectHideFlags: 1
  m_PrefabParentObject: {fileID: 0}
  m_PrefabInternal: {fileID: 100100000}
  m_GameObject: {fileID: 137730}
  m_LocalRotation: {x: -7.789408e-10, y: -0.0000000037601064, z: 0.04069753, w: 0.9991715}
  m_LocalPosition: {x: -0.47563976, y: 0.000000003814697, z: 0}
  m_LocalScale: {x: 1, y: 1, z: 1}
  m_LocalEulerAnglesHint: {x: 0, y: 0, z: 4.6649}
  m_Children:
  - {fileID: 403950}
  m_Father: {fileID: 491966}
  m_RootOrder: 0
--- !u!4 &497362
Transform:
  m_ObjectHideFlags: 1
  m_PrefabParentObject: {fileID: 0}
  m_PrefabInternal: {fileID: 100100000}
  m_GameObject: {fileID: 117402}
  m_LocalRotation: {x: 0.63091063, y: 0.08921274, z: 0.7631176, w: -0.10790932}
  m_LocalPosition: {x: 0.04733691, y: -0.019163176, z: -0.06312322}
  m_LocalScale: {x: 1.0000001, y: 1.0000001, z: 1}
  m_LocalEulerAnglesHint: {x: -15.8025, y: 78.733696, z: -176.8947}
  m_Children:
  - {fileID: 481282}
  m_Father: {fileID: 418070}
  m_RootOrder: 2
--- !u!23 &2399990
MeshRenderer:
  m_ObjectHideFlags: 1
  m_PrefabParentObject: {fileID: 0}
  m_PrefabInternal: {fileID: 100100000}
  m_GameObject: {fileID: 101176}
  m_Enabled: 1
  m_CastShadows: 1
  m_ReceiveShadows: 1
  m_Materials:
  - {fileID: 2100000, guid: a9ceb947ce5803740bde20095f40b39d, type: 2}
  m_SubsetIndices: 
  m_StaticBatchRoot: {fileID: 0}
  m_UseLightProbes: 1
  m_ReflectionProbeUsage: 1
  m_ProbeAnchor: {fileID: 0}
  m_ScaleInLightmap: 1
  m_PreserveUVs: 0
  m_IgnoreNormalsForChartDetection: 0
  m_ImportantGI: 0
  m_MinimumChartSize: 4
  m_AutoUVMaxDistance: 0.5
  m_AutoUVMaxAngle: 89
  m_LightmapParameters: {fileID: 0}
  m_SortingLayerID: 0
  m_SortingOrder: 0
--- !u!33 &3349178
MeshFilter:
  m_ObjectHideFlags: 1
  m_PrefabParentObject: {fileID: 0}
  m_PrefabInternal: {fileID: 100100000}
  m_GameObject: {fileID: 101176}
  m_Mesh: {fileID: 4300000, guid: d083b685428bc734ab28c6f6c9f5c503, type: 3}
--- !u!95 &9535440
Animator:
  serializedVersion: 3
  m_ObjectHideFlags: 1
  m_PrefabParentObject: {fileID: 0}
  m_PrefabInternal: {fileID: 100100000}
  m_GameObject: {fileID: 137564}
  m_Enabled: 1
  m_Avatar: {fileID: 9000000, guid: 22dcae828f285d54db5adb9ac65938b0, type: 3}
  m_Controller: {fileID: 9100000, guid: 7eda7d50d30f1114994d8f505001c494, type: 2}
  m_CullingMode: 1
  m_UpdateMode: 0
  m_ApplyRootMotion: 0
  m_LinearVelocityBlending: 0
  m_WarningMessage: 
  m_HasTransformHierarchy: 1
  m_AllowConstantClipSamplingOptimization: 1
--- !u!114 &11450278
MonoBehaviour:
  m_ObjectHideFlags: 1
  m_PrefabParentObject: {fileID: 0}
  m_PrefabInternal: {fileID: 100100000}
  m_GameObject: {fileID: 137564}
  m_Enabled: 1
  m_EditorHideFlags: 0
  m_Script: {fileID: 11500000, guid: f12648c311a1e3844aea99312622dc2a, type: 3}
  m_Name: 
  m_EditorClassIdentifier: 
  HitParticle: {fileID: 0}
--- !u!136 &13618796
CapsuleCollider:
  m_ObjectHideFlags: 1
  m_PrefabParentObject: {fileID: 0}
  m_PrefabInternal: {fileID: 100100000}
  m_GameObject: {fileID: 137564}
  m_Material: {fileID: 0}
  m_IsTrigger: 0
  m_Enabled: 1
  m_Radius: 0.5
  m_Height: 3
  m_Direction: 1
  m_Center: {x: 0, y: 0.5, z: 0}
--- !u!137 &13784718
SkinnedMeshRenderer:
  m_ObjectHideFlags: 1
  m_PrefabParentObject: {fileID: 0}
  m_PrefabInternal: {fileID: 100100000}
  m_GameObject: {fileID: 187528}
  m_Enabled: 1
  m_CastShadows: 1
  m_ReceiveShadows: 1
  m_Materials:
  - {fileID: 2100000, guid: b5a7f03047de4ef47ae1a839077095e7, type: 2}
  m_SubsetIndices: 
  m_StaticBatchRoot: {fileID: 0}
  m_UseLightProbes: 1
  m_ReflectionProbeUsage: 1
  m_ProbeAnchor: {fileID: 0}
  m_ScaleInLightmap: 1
  m_PreserveUVs: 0
  m_IgnoreNormalsForChartDetection: 0
  m_ImportantGI: 0
  m_MinimumChartSize: 4
  m_AutoUVMaxDistance: 0.5
  m_AutoUVMaxAngle: 89
  m_LightmapParameters: {fileID: 0}
  m_SortingLayerID: 0
  m_SortingOrder: 0
  serializedVersion: 2
  m_Quality: 0
  m_UpdateWhenOffscreen: 0
  m_Mesh: {fileID: 4300000, guid: 22dcae828f285d54db5adb9ac65938b0, type: 3}
  m_Bones:
  - {fileID: 479168}
  - {fileID: 435670}
  - {fileID: 494388}
  - {fileID: 418070}
  - {fileID: 449296}
  - {fileID: 491966}
  - {fileID: 479460}
  - {fileID: 413256}
  - {fileID: 496228}
  - {fileID: 403950}
  - {fileID: 412052}
  - {fileID: 434822}
  - {fileID: 434040}
  - {fileID: 466742}
  - {fileID: 488174}
  - {fileID: 412090}
  - {fileID: 445196}
  - {fileID: 427718}
  - {fileID: 488280}
  - {fileID: 405402}
  - {fileID: 403324}
  - {fileID: 468374}
  - {fileID: 454822}
  - {fileID: 462346}
  - {fileID: 404110}
  - {fileID: 497362}
  - {fileID: 458240}
  - {fileID: 493568}
  - {fileID: 482642}
  - {fileID: 481282}
  - {fileID: 400294}
  - {fileID: 404692}
  - {fileID: 440380}
  - {fileID: 422026}
  - {fileID: 418600}
  - {fileID: 407576}
  - {fileID: 429062}
  - {fileID: 443324}
  - {fileID: 468434}
  - {fileID: 416372}
  - {fileID: 478632}
  - {fileID: 404528}
  m_BlendShapeWeights: []
  m_RootBone: {fileID: 404110}
  m_AABB:
    m_Center: {x: 0.0041333735, y: -0.0080672875, z: -0.000000029802322}
    m_Extent: {x: 0.9259857, y: 0.19151655, z: 0.50440645}
  m_DirtyAABB: 0
--- !u!1001 &100100000
Prefab:
  m_ObjectHideFlags: 1
  serializedVersion: 2
  m_Modification:
    m_TransformParent: {fileID: 0}
    m_Modifications: []
    m_RemovedComponents: []
  m_ParentPrefab: {fileID: 0}
  m_RootGameObject: {fileID: 137564}
  m_IsPrefabParent: 1
