%YAML 1.1
%TAG !u! tag:unity3d.com,2011:
--- !u!1 &101098
GameObject:
  m_ObjectHideFlags: 1
  m_PrefabParentObject: {fileID: 0}
  m_PrefabInternal: {fileID: 100100000}
  serializedVersion: 4
  m_Component:
  - 4: {fileID: 401776}
  m_Layer: 0
  m_Name: Bip001 R UpperArm
  m_TagString: Untagged
  m_Icon: {fileID: 0}
  m_NavMeshLayer: 0
  m_StaticEditorFlags: 0
  m_IsActive: 1
--- !u!1 &102378
GameObject:
  m_ObjectHideFlags: 1
  m_PrefabParentObject: {fileID: 0}
  m_PrefabInternal: {fileID: 100100000}
  serializedVersion: 4
  m_Component:
  - 4: {fileID: 447656}
  m_Layer: 0
  m_Name: Bip001 L Finger4
  m_TagString: Untagged
  m_Icon: {fileID: 0}
  m_NavMeshLayer: 0
  m_StaticEditorFlags: 0
  m_IsActive: 1
--- !u!1 &102632
GameObject:
  m_ObjectHideFlags: 1
  m_PrefabParentObject: {fileID: 0}
  m_PrefabInternal: {fileID: 100100000}
  serializedVersion: 4
  m_Component:
  - 4: {fileID: 478096}
  m_Layer: 0
  m_Name: Bip001 L Finger11
  m_TagString: Untagged
  m_Icon: {fileID: 0}
  m_NavMeshLayer: 0
  m_StaticEditorFlags: 0
  m_IsActive: 1
--- !u!1 &106974
GameObject:
  m_ObjectHideFlags: 1
  m_PrefabParentObject: {fileID: 0}
  m_PrefabInternal: {fileID: 100100000}
  serializedVersion: 4
  m_Component:
  - 4: {fileID: 408342}
  m_Layer: 0
  m_Name: Bip001 R Finger41
  m_TagString: Untagged
  m_Icon: {fileID: 0}
  m_NavMeshLayer: 0
  m_StaticEditorFlags: 0
  m_IsActive: 1
--- !u!1 &107788
GameObject:
  m_ObjectHideFlags: 1
  m_PrefabParentObject: {fileID: 0}
  m_PrefabInternal: {fileID: 100100000}
  serializedVersion: 4
  m_Component:
  - 4: {fileID: 495382}
  m_Layer: 0
  m_Name: Bip001 R Finger2
  m_TagString: Untagged
  m_Icon: {fileID: 0}
  m_NavMeshLayer: 0
  m_StaticEditorFlags: 0
  m_IsActive: 1
--- !u!1 &107920
GameObject:
  m_ObjectHideFlags: 1
  m_PrefabParentObject: {fileID: 0}
  m_PrefabInternal: {fileID: 100100000}
  serializedVersion: 4
  m_Component:
  - 4: {fileID: 435090}
  m_Layer: 0
  m_Name: Bip001 L Hand
  m_TagString: Untagged
  m_Icon: {fileID: 0}
  m_NavMeshLayer: 0
  m_StaticEditorFlags: 0
  m_IsActive: 1
--- !u!1 &108218
GameObject:
  m_ObjectHideFlags: 1
  m_PrefabParentObject: {fileID: 0}
  m_PrefabInternal: {fileID: 100100000}
  serializedVersion: 4
  m_Component:
  - 4: {fileID: 484904}
  m_Layer: 0
  m_Name: Bip001 R Finger4
  m_TagString: Untagged
  m_Icon: {fileID: 0}
  m_NavMeshLayer: 0
  m_StaticEditorFlags: 0
  m_IsActive: 1
--- !u!1 &109490
GameObject:
  m_ObjectHideFlags: 0
  m_PrefabParentObject: {fileID: 0}
  m_PrefabInternal: {fileID: 100100000}
  serializedVersion: 4
  m_Component:
  - 4: {fileID: 486630}
  m_Layer: 0
  m_Name: NPC_HumanPoor2_Model
  m_TagString: Untagged
  m_Icon: {fileID: 0}
  m_NavMeshLayer: 0
  m_StaticEditorFlags: 0
  m_IsActive: 1
--- !u!1 &113636
GameObject:
  m_ObjectHideFlags: 1
  m_PrefabParentObject: {fileID: 0}
  m_PrefabInternal: {fileID: 100100000}
  serializedVersion: 4
  m_Component:
  - 4: {fileID: 421108}
  m_Layer: 0
  m_Name: Bip001 Pelvis
  m_TagString: Untagged
  m_Icon: {fileID: 0}
  m_NavMeshLayer: 0
  m_StaticEditorFlags: 0
  m_IsActive: 1
--- !u!1 &115034
GameObject:
  m_ObjectHideFlags: 1
  m_PrefabParentObject: {fileID: 0}
  m_PrefabInternal: {fileID: 100100000}
  serializedVersion: 4
  m_Component:
  - 4: {fileID: 499558}
  m_Layer: 0
  m_Name: Bip001 L Toe0
  m_TagString: Untagged
  m_Icon: {fileID: 0}
  m_NavMeshLayer: 0
  m_StaticEditorFlags: 0
  m_IsActive: 1
--- !u!1 &116126
GameObject:
  m_ObjectHideFlags: 1
  m_PrefabParentObject: {fileID: 0}
  m_PrefabInternal: {fileID: 100100000}
  serializedVersion: 4
  m_Component:
  - 4: {fileID: 444286}
  m_Layer: 0
  m_Name: Bip001 L Finger3
  m_TagString: Untagged
  m_Icon: {fileID: 0}
  m_NavMeshLayer: 0
  m_StaticEditorFlags: 0
  m_IsActive: 1
--- !u!1 &116496
GameObject:
  m_ObjectHideFlags: 1
  m_PrefabParentObject: {fileID: 0}
  m_PrefabInternal: {fileID: 100100000}
  serializedVersion: 4
  m_Component:
  - 4: {fileID: 437180}
  m_Layer: 0
  m_Name: Bip001 L Finger21
  m_TagString: Untagged
  m_Icon: {fileID: 0}
  m_NavMeshLayer: 0
  m_StaticEditorFlags: 0
  m_IsActive: 1
--- !u!1 &121982
GameObject:
  m_ObjectHideFlags: 1
  m_PrefabParentObject: {fileID: 0}
  m_PrefabInternal: {fileID: 100100000}
  serializedVersion: 4
  m_Component:
  - 4: {fileID: 425540}
  m_Layer: 0
  m_Name: Bip001 R Finger11
  m_TagString: Untagged
  m_Icon: {fileID: 0}
  m_NavMeshLayer: 0
  m_StaticEditorFlags: 0
  m_IsActive: 1
--- !u!1 &127526
GameObject:
  m_ObjectHideFlags: 1
  m_PrefabParentObject: {fileID: 0}
  m_PrefabInternal: {fileID: 100100000}
  serializedVersion: 4
  m_Component:
  - 4: {fileID: 428994}
  m_Layer: 0
  m_Name: Bip001 R Finger0
  m_TagString: Untagged
  m_Icon: {fileID: 0}
  m_NavMeshLayer: 0
  m_StaticEditorFlags: 0
  m_IsActive: 1
--- !u!1 &129142
GameObject:
  m_ObjectHideFlags: 0
  m_PrefabParentObject: {fileID: 0}
  m_PrefabInternal: {fileID: 100100000}
  serializedVersion: 4
  m_Component:
  - 4: {fileID: 467296}
  - 95: {fileID: 9540378}
  - 136: {fileID: 13632076}
  - 114: {fileID: 11480708}
  m_Layer: 0
  m_Name: Poor_2_Riot_Gladiator
  m_TagString: Untagged
  m_Icon: {fileID: 0}
  m_NavMeshLayer: 0
  m_StaticEditorFlags: 0
  m_IsActive: 1
--- !u!1 &139622
GameObject:
  m_ObjectHideFlags: 1
  m_PrefabParentObject: {fileID: 0}
  m_PrefabInternal: {fileID: 100100000}
  serializedVersion: 4
  m_Component:
  - 4: {fileID: 433314}
  m_Layer: 0
  m_Name: Bip001 Spine1
  m_TagString: Untagged
  m_Icon: {fileID: 0}
  m_NavMeshLayer: 0
  m_StaticEditorFlags: 0
  m_IsActive: 1
--- !u!1 &141458
GameObject:
  m_ObjectHideFlags: 1
  m_PrefabParentObject: {fileID: 0}
  m_PrefabInternal: {fileID: 100100000}
  serializedVersion: 4
  m_Component:
  - 4: {fileID: 492530}
  m_Layer: 0
  m_Name: Bip001 R Foot
  m_TagString: Untagged
  m_Icon: {fileID: 0}
  m_NavMeshLayer: 0
  m_StaticEditorFlags: 0
  m_IsActive: 1
--- !u!1 &147432
GameObject:
  m_ObjectHideFlags: 1
  m_PrefabParentObject: {fileID: 0}
  m_PrefabInternal: {fileID: 100100000}
  serializedVersion: 4
  m_Component:
  - 4: {fileID: 468138}
  m_Layer: 0
  m_Name: HLP_Hit_Range
  m_TagString: Untagged
  m_Icon: {fileID: 0}
  m_NavMeshLayer: 0
  m_StaticEditorFlags: 0
  m_IsActive: 1
--- !u!1 &148250
GameObject:
  m_ObjectHideFlags: 1
  m_PrefabParentObject: {fileID: 0}
  m_PrefabInternal: {fileID: 100100000}
  serializedVersion: 4
  m_Component:
  - 4: {fileID: 484838}
  m_Layer: 0
  m_Name: Bip001 R Forearm
  m_TagString: Untagged
  m_Icon: {fileID: 0}
  m_NavMeshLayer: 0
  m_StaticEditorFlags: 0
  m_IsActive: 1
--- !u!1 &152298
GameObject:
  m_ObjectHideFlags: 1
  m_PrefabParentObject: {fileID: 0}
  m_PrefabInternal: {fileID: 100100000}
  serializedVersion: 4
  m_Component:
  - 4: {fileID: 465472}
  m_Layer: 0
  m_Name: Bip001 R Thigh
  m_TagString: Untagged
  m_Icon: {fileID: 0}
  m_NavMeshLayer: 0
  m_StaticEditorFlags: 0
  m_IsActive: 1
--- !u!1 &152400
GameObject:
  m_ObjectHideFlags: 1
  m_PrefabParentObject: {fileID: 0}
  m_PrefabInternal: {fileID: 100100000}
  serializedVersion: 4
  m_Component:
  - 4: {fileID: 473560}
  m_Layer: 0
  m_Name: Bip001 L Forearm
  m_TagString: Untagged
  m_Icon: {fileID: 0}
  m_NavMeshLayer: 0
  m_StaticEditorFlags: 0
  m_IsActive: 1
--- !u!1 &152462
GameObject:
  m_ObjectHideFlags: 1
  m_PrefabParentObject: {fileID: 0}
  m_PrefabInternal: {fileID: 100100000}
  serializedVersion: 4
  m_Component:
  - 4: {fileID: 466274}
  - 137: {fileID: 13784442}
  m_Layer: 0
  m_Name: NPC_HumanPoor2_Body
  m_TagString: Untagged
  m_Icon: {fileID: 0}
  m_NavMeshLayer: 0
  m_StaticEditorFlags: 0
  m_IsActive: 1
--- !u!1 &152714
GameObject:
  m_ObjectHideFlags: 1
  m_PrefabParentObject: {fileID: 0}
  m_PrefabInternal: {fileID: 100100000}
  serializedVersion: 4
  m_Component:
  - 4: {fileID: 429992}
  m_Layer: 0
  m_Name: Bip001 L Finger2
  m_TagString: Untagged
  m_Icon: {fileID: 0}
  m_NavMeshLayer: 0
  m_StaticEditorFlags: 0
  m_IsActive: 1
--- !u!1 &154128
GameObject:
  m_ObjectHideFlags: 1
  m_PrefabParentObject: {fileID: 0}
  m_PrefabInternal: {fileID: 100100000}
  serializedVersion: 4
  m_Component:
  - 4: {fileID: 494548}
  m_Layer: 0
  m_Name: Bip001
  m_TagString: Untagged
  m_Icon: {fileID: 0}
  m_NavMeshLayer: 0
  m_StaticEditorFlags: 0
  m_IsActive: 1
--- !u!1 &156534
GameObject:
  m_ObjectHideFlags: 1
  m_PrefabParentObject: {fileID: 0}
  m_PrefabInternal: {fileID: 100100000}
  serializedVersion: 4
  m_Component:
  - 4: {fileID: 498440}
  m_Layer: 0
  m_Name: Bip001 R Finger01
  m_TagString: Untagged
  m_Icon: {fileID: 0}
  m_NavMeshLayer: 0
  m_StaticEditorFlags: 0
  m_IsActive: 1
--- !u!1 &158406
GameObject:
  m_ObjectHideFlags: 1
  m_PrefabParentObject: {fileID: 0}
  m_PrefabInternal: {fileID: 100100000}
  serializedVersion: 4
  m_Component:
  - 4: {fileID: 414986}
  m_Layer: 0
  m_Name: Bip001 Spine2
  m_TagString: Untagged
  m_Icon: {fileID: 0}
  m_NavMeshLayer: 0
  m_StaticEditorFlags: 0
  m_IsActive: 1
--- !u!1 &160590
GameObject:
  m_ObjectHideFlags: 1
  m_PrefabParentObject: {fileID: 0}
  m_PrefabInternal: {fileID: 100100000}
  serializedVersion: 4
  m_Component:
  - 4: {fileID: 427246}
  m_Layer: 0
  m_Name: Bip001 R Finger3
  m_TagString: Untagged
  m_Icon: {fileID: 0}
  m_NavMeshLayer: 0
  m_StaticEditorFlags: 0
  m_IsActive: 1
--- !u!1 &160628
GameObject:
  m_ObjectHideFlags: 1
  m_PrefabParentObject: {fileID: 0}
  m_PrefabInternal: {fileID: 100100000}
  serializedVersion: 4
  m_Component:
  - 4: {fileID: 431690}
  m_Layer: 0
  m_Name: Bip001 L Calf
  m_TagString: Untagged
  m_Icon: {fileID: 0}
  m_NavMeshLayer: 0
  m_StaticEditorFlags: 0
  m_IsActive: 1
--- !u!1 &161234
GameObject:
  m_ObjectHideFlags: 1
  m_PrefabParentObject: {fileID: 0}
  m_PrefabInternal: {fileID: 100100000}
  serializedVersion: 4
  m_Component:
  - 4: {fileID: 412130}
  m_Layer: 0
  m_Name: Bip001 R Finger1
  m_TagString: Untagged
  m_Icon: {fileID: 0}
  m_NavMeshLayer: 0
  m_StaticEditorFlags: 0
  m_IsActive: 1
--- !u!1 &163786
GameObject:
  m_ObjectHideFlags: 1
  m_PrefabParentObject: {fileID: 0}
  m_PrefabInternal: {fileID: 100100000}
  serializedVersion: 4
  m_Component:
  - 4: {fileID: 453372}
  m_Layer: 0
  m_Name: Bip001 L Foot
  m_TagString: Untagged
  m_Icon: {fileID: 0}
  m_NavMeshLayer: 0
  m_StaticEditorFlags: 0
  m_IsActive: 1
--- !u!1 &165100
GameObject:
  m_ObjectHideFlags: 1
  m_PrefabParentObject: {fileID: 0}
  m_PrefabInternal: {fileID: 100100000}
  serializedVersion: 4
  m_Component:
  - 4: {fileID: 437130}
  m_Layer: 0
  m_Name: HLP_L_Hand
  m_TagString: Untagged
  m_Icon: {fileID: 0}
  m_NavMeshLayer: 0
  m_StaticEditorFlags: 0
  m_IsActive: 1
--- !u!1 &165380
GameObject:
  m_ObjectHideFlags: 1
  m_PrefabParentObject: {fileID: 0}
  m_PrefabInternal: {fileID: 100100000}
  serializedVersion: 4
  m_Component:
  - 4: {fileID: 465776}
  m_Layer: 0
  m_Name: Bip001 L Finger41
  m_TagString: Untagged
  m_Icon: {fileID: 0}
  m_NavMeshLayer: 0
  m_StaticEditorFlags: 0
  m_IsActive: 1
--- !u!1 &168060
GameObject:
  m_ObjectHideFlags: 1
  m_PrefabParentObject: {fileID: 0}
  m_PrefabInternal: {fileID: 100100000}
  serializedVersion: 4
  m_Component:
  - 4: {fileID: 444216}
  m_Layer: 0
  m_Name: Bip001 R Finger21
  m_TagString: Untagged
  m_Icon: {fileID: 0}
  m_NavMeshLayer: 0
  m_StaticEditorFlags: 0
  m_IsActive: 1
--- !u!1 &169738
GameObject:
  m_ObjectHideFlags: 1
  m_PrefabParentObject: {fileID: 0}
  m_PrefabInternal: {fileID: 100100000}
  serializedVersion: 4
  m_Component:
  - 4: {fileID: 435808}
  m_Layer: 0
  m_Name: Bip001 R Finger31
  m_TagString: Untagged
  m_Icon: {fileID: 0}
  m_NavMeshLayer: 0
  m_StaticEditorFlags: 0
  m_IsActive: 1
--- !u!1 &170192
GameObject:
  m_ObjectHideFlags: 1
  m_PrefabParentObject: {fileID: 0}
  m_PrefabInternal: {fileID: 100100000}
  serializedVersion: 4
  m_Component:
  - 4: {fileID: 462014}
  m_Layer: 0
  m_Name: HLP_R_Hand
  m_TagString: Untagged
  m_Icon: {fileID: 0}
  m_NavMeshLayer: 0
  m_StaticEditorFlags: 0
  m_IsActive: 1
--- !u!1 &171140
GameObject:
  m_ObjectHideFlags: 1
  m_PrefabParentObject: {fileID: 0}
  m_PrefabInternal: {fileID: 100100000}
  serializedVersion: 4
  m_Component:
  - 4: {fileID: 409798}
  m_Layer: 0
  m_Name: Bip001 R Clavicle
  m_TagString: Untagged
  m_Icon: {fileID: 0}
  m_NavMeshLayer: 0
  m_StaticEditorFlags: 0
  m_IsActive: 1
--- !u!1 &171836
GameObject:
  m_ObjectHideFlags: 1
  m_PrefabParentObject: {fileID: 0}
  m_PrefabInternal: {fileID: 100100000}
  serializedVersion: 4
  m_Component:
  - 4: {fileID: 493364}
  m_Layer: 0
  m_Name: HLP_Hit_Area
  m_TagString: Untagged
  m_Icon: {fileID: 0}
  m_NavMeshLayer: 0
  m_StaticEditorFlags: 0
  m_IsActive: 1
--- !u!1 &172662
GameObject:
  m_ObjectHideFlags: 1
  m_PrefabParentObject: {fileID: 0}
  m_PrefabInternal: {fileID: 100100000}
  serializedVersion: 4
  m_Component:
  - 4: {fileID: 479918}
  m_Layer: 0
  m_Name: Bip001 L Finger01
  m_TagString: Untagged
  m_Icon: {fileID: 0}
  m_NavMeshLayer: 0
  m_StaticEditorFlags: 0
  m_IsActive: 1
--- !u!1 &178088
GameObject:
  m_ObjectHideFlags: 1
  m_PrefabParentObject: {fileID: 0}
  m_PrefabInternal: {fileID: 100100000}
  serializedVersion: 4
  m_Component:
  - 4: {fileID: 408714}
  m_Layer: 0
  m_Name: Bip001 R Hand
  m_TagString: Untagged
  m_Icon: {fileID: 0}
  m_NavMeshLayer: 0
  m_StaticEditorFlags: 0
  m_IsActive: 1
--- !u!1 &179858
GameObject:
  m_ObjectHideFlags: 1
  m_PrefabParentObject: {fileID: 0}
  m_PrefabInternal: {fileID: 100100000}
  serializedVersion: 4
  m_Component:
  - 4: {fileID: 483234}
  m_Layer: 0
  m_Name: Bip001 L Finger1
  m_TagString: Untagged
  m_Icon: {fileID: 0}
  m_NavMeshLayer: 0
  m_StaticEditorFlags: 0
  m_IsActive: 1
--- !u!1 &182820
GameObject:
  m_ObjectHideFlags: 1
  m_PrefabParentObject: {fileID: 0}
  m_PrefabInternal: {fileID: 100100000}
  serializedVersion: 4
  m_Component:
  - 4: {fileID: 484634}
  m_Layer: 0
  m_Name: Bip001 L UpperArm
  m_TagString: Untagged
  m_Icon: {fileID: 0}
  m_NavMeshLayer: 0
  m_StaticEditorFlags: 0
  m_IsActive: 1
--- !u!1 &183472
GameObject:
  m_ObjectHideFlags: 1
  m_PrefabParentObject: {fileID: 0}
  m_PrefabInternal: {fileID: 100100000}
  serializedVersion: 4
  m_Component:
  - 4: {fileID: 462886}
  m_Layer: 0
  m_Name: Bip001 L Clavicle
  m_TagString: Untagged
  m_Icon: {fileID: 0}
  m_NavMeshLayer: 0
  m_StaticEditorFlags: 0
  m_IsActive: 1
--- !u!1 &185852
GameObject:
  m_ObjectHideFlags: 1
  m_PrefabParentObject: {fileID: 0}
  m_PrefabInternal: {fileID: 100100000}
  serializedVersion: 4
  m_Component:
  - 4: {fileID: 485142}
  m_Layer: 0
  m_Name: Bip001 Head
  m_TagString: Untagged
  m_Icon: {fileID: 0}
  m_NavMeshLayer: 0
  m_StaticEditorFlags: 0
  m_IsActive: 1
--- !u!1 &186104
GameObject:
  m_ObjectHideFlags: 1
  m_PrefabParentObject: {fileID: 0}
  m_PrefabInternal: {fileID: 100100000}
  serializedVersion: 4
  m_Component:
  - 4: {fileID: 433566}
  m_Layer: 0
  m_Name: Bip001 L Finger0
  m_TagString: Untagged
  m_Icon: {fileID: 0}
  m_NavMeshLayer: 0
  m_StaticEditorFlags: 0
  m_IsActive: 1
--- !u!1 &189776
GameObject:
  m_ObjectHideFlags: 1
  m_PrefabParentObject: {fileID: 0}
  m_PrefabInternal: {fileID: 100100000}
  serializedVersion: 4
  m_Component:
  - 4: {fileID: 442520}
  m_Layer: 0
  m_Name: Bip001 L Thigh
  m_TagString: Untagged
  m_Icon: {fileID: 0}
  m_NavMeshLayer: 0
  m_StaticEditorFlags: 0
  m_IsActive: 1
--- !u!1 &191626
GameObject:
  m_ObjectHideFlags: 1
  m_PrefabParentObject: {fileID: 0}
  m_PrefabInternal: {fileID: 100100000}
  serializedVersion: 4
  m_Component:
  - 4: {fileID: 422072}
  - 33: {fileID: 3301012}
  - 23: {fileID: 2367066}
  m_Layer: 0
  m_Name: Doll_NPC_Gladiator_Sword_Mesh
  m_TagString: Untagged
  m_Icon: {fileID: 0}
  m_NavMeshLayer: 0
  m_StaticEditorFlags: 0
  m_IsActive: 1
--- !u!1 &194918
GameObject:
  m_ObjectHideFlags: 1
  m_PrefabParentObject: {fileID: 0}
  m_PrefabInternal: {fileID: 100100000}
  serializedVersion: 4
  m_Component:
  - 4: {fileID: 487230}
  m_Layer: 0
  m_Name: Bip001 L Finger31
  m_TagString: Untagged
  m_Icon: {fileID: 0}
  m_NavMeshLayer: 0
  m_StaticEditorFlags: 0
  m_IsActive: 1
--- !u!1 &197400
GameObject:
  m_ObjectHideFlags: 1
  m_PrefabParentObject: {fileID: 0}
  m_PrefabInternal: {fileID: 100100000}
  serializedVersion: 4
  m_Component:
  - 4: {fileID: 480766}
  m_Layer: 0
  m_Name: Bip001 Neck
  m_TagString: Untagged
  m_Icon: {fileID: 0}
  m_NavMeshLayer: 0
  m_StaticEditorFlags: 0
  m_IsActive: 1
--- !u!1 &197556
GameObject:
  m_ObjectHideFlags: 1
  m_PrefabParentObject: {fileID: 0}
  m_PrefabInternal: {fileID: 100100000}
  serializedVersion: 4
  m_Component:
  - 4: {fileID: 470478}
  m_Layer: 0
  m_Name: Bip001 Spine
  m_TagString: Untagged
  m_Icon: {fileID: 0}
  m_NavMeshLayer: 0
  m_StaticEditorFlags: 0
  m_IsActive: 1
--- !u!1 &197950
GameObject:
  m_ObjectHideFlags: 1
  m_PrefabParentObject: {fileID: 0}
  m_PrefabInternal: {fileID: 100100000}
  serializedVersion: 4
  m_Component:
  - 4: {fileID: 475194}
  m_Layer: 0
  m_Name: Bip001 R Calf
  m_TagString: Untagged
  m_Icon: {fileID: 0}
  m_NavMeshLayer: 0
  m_StaticEditorFlags: 0
  m_IsActive: 1
--- !u!1 &198734
GameObject:
  m_ObjectHideFlags: 1
  m_PrefabParentObject: {fileID: 0}
  m_PrefabInternal: {fileID: 100100000}
  serializedVersion: 4
  m_Component:
  - 4: {fileID: 490570}
  m_Layer: 0
  m_Name: Bip001 R Toe0
  m_TagString: Untagged
  m_Icon: {fileID: 0}
  m_NavMeshLayer: 0
  m_StaticEditorFlags: 0
  m_IsActive: 1
--- !u!4 &401776
Transform:
  m_ObjectHideFlags: 1
  m_PrefabParentObject: {fileID: 0}
  m_PrefabInternal: {fileID: 100100000}
  m_GameObject: {fileID: 101098}
  m_LocalRotation: {x: -0.03926653, y: 0.43568376, z: -0.040266152, w: 0.898341}
  m_LocalPosition: {x: -0.139958, y: 0, z: 0.0000001220703}
  m_LocalScale: {x: 1, y: 0.99999994, z: 1.0000001}
  m_LocalEulerAnglesHint: {x: -2.0323, y: 51.8542, z: -6.121}
  m_Children:
  - {fileID: 484838}
  m_Father: {fileID: 409798}
  m_RootOrder: 0
--- !u!4 &408342
Transform:
  m_ObjectHideFlags: 1
  m_PrefabParentObject: {fileID: 0}
  m_PrefabInternal: {fileID: 100100000}
  m_GameObject: {fileID: 106974}
  m_LocalRotation: {x: -0.0000000022535247, y: -0.000000003384628, z: -0.17410813,
    w: 0.98472655}
  m_LocalPosition: {x: -0.03403552, y: 0, z: 0}
  m_LocalScale: {x: 1.0000001, y: 1.0000001, z: 1}
  m_LocalEulerAnglesHint: {x: 0, y: 0, z: -20.0535}
  m_Children: []
  m_Father: {fileID: 484904}
  m_RootOrder: 0
--- !u!4 &408714
Transform:
  m_ObjectHideFlags: 1
  m_PrefabParentObject: {fileID: 0}
  m_PrefabInternal: {fileID: 100100000}
  m_GameObject: {fileID: 178088}
  m_LocalRotation: {x: 0.70500934, y: 0.13748829, z: -0.08853971, w: 0.6900866}
  m_LocalPosition: {x: -0.27863437, y: 0, z: -0.00000006103515}
  m_LocalScale: {x: 1.0000001, y: 1.0000001, z: 1.0000001}
  m_LocalEulerAnglesHint: {x: 85.8526, y: 116.1576, z: 97.7518}
  m_Children:
  - {fileID: 428994}
  - {fileID: 412130}
  - {fileID: 495382}
  - {fileID: 427246}
  - {fileID: 484904}
  - {fileID: 462014}
  - {fileID: 422072}
  m_Father: {fileID: 484838}
  m_RootOrder: 0
--- !u!4 &409798
Transform:
  m_ObjectHideFlags: 1
  m_PrefabParentObject: {fileID: 0}
  m_PrefabInternal: {fileID: 100100000}
  m_GameObject: {fileID: 171140}
  m_LocalRotation: {x: 0.63091063, y: 0.08921274, z: 0.7631176, w: -0.10790932}
  m_LocalPosition: {x: 0.04733691, y: -0.019163176, z: -0.06312322}
  m_LocalScale: {x: 1.0000001, y: 1.0000001, z: 1}
  m_LocalEulerAnglesHint: {x: -15.8025, y: 78.733696, z: -176.8947}
  m_Children:
  - {fileID: 401776}
  m_Father: {fileID: 480766}
  m_RootOrder: 2
--- !u!4 &412130
Transform:
  m_ObjectHideFlags: 1
  m_PrefabParentObject: {fileID: 0}
  m_PrefabInternal: {fileID: 100100000}
  m_GameObject: {fileID: 161234}
  m_LocalRotation: {x: 0.010891803, y: 0.10014683, z: -0.054443475, w: 0.9934223}
  m_LocalPosition: {x: -0.12083935, y: 0.003021179, z: 0.028200438}
  m_LocalScale: {x: 1, y: 1.0000001, z: 1}
  m_LocalEulerAnglesHint: {x: 1.865, y: 11.413899, z: -6.0874}
  m_Children:
  - {fileID: 425540}
  m_Father: {fileID: 408714}
  m_RootOrder: 1
--- !u!4 &414986
Transform:
  m_ObjectHideFlags: 1
  m_PrefabParentObject: {fileID: 0}
  m_PrefabInternal: {fileID: 100100000}
  m_GameObject: {fileID: 158406}
  m_LocalRotation: {x: 3.402909e-15, y: -0.00000006507128, z: 0.023460947, w: 0.9997248}
  m_LocalPosition: {x: -0.14652099, y: -0.00013051604, z: -3.619934e-10}
  m_LocalScale: {x: 1, y: 1, z: 1}
  m_LocalEulerAnglesHint: {x: 0, y: 0, z: 2.6887}
  m_Children:
  - {fileID: 480766}
  m_Father: {fileID: 433314}
  m_RootOrder: 0
--- !u!4 &421108
Transform:
  m_ObjectHideFlags: 1
  m_PrefabParentObject: {fileID: 0}
  m_PrefabInternal: {fileID: 100100000}
  m_GameObject: {fileID: 113636}
  m_LocalRotation: {x: -0.5, y: 0.5, z: 0.4999993, w: 0.5000007}
  m_LocalPosition: {x: 0, y: 0, z: 0}
  m_LocalScale: {x: 1, y: 0.99999994, z: 0.99999994}
  m_LocalEulerAnglesHint: {x: -90, y: 89.9999, z: 0}
  m_Children:
  - {fileID: 470478}
  m_Father: {fileID: 494548}
  m_RootOrder: 0
--- !u!4 &422072
Transform:
  m_ObjectHideFlags: 1
  m_PrefabParentObject: {fileID: 0}
  m_PrefabInternal: {fileID: 100100000}
  m_GameObject: {fileID: 191626}
  m_LocalRotation: {x: 0.117701575, y: 0.1338865, z: 0.18375237, w: 0.96667254}
  m_LocalPosition: {x: 0.071999855, y: 0.064000025, z: -0.056000065}
  m_LocalScale: {x: 10, y: 10, z: 10}
  m_LocalEulerAnglesHint: {x: 10.2739, y: 17.8802, z: 23.1461}
  m_Children: []
  m_Father: {fileID: 408714}
  m_RootOrder: 6
--- !u!4 &425540
Transform:
  m_ObjectHideFlags: 1
  m_PrefabParentObject: {fileID: 0}
  m_PrefabInternal: {fileID: 100100000}
  m_GameObject: {fileID: 121982}
  m_LocalRotation: {x: -0.000000012469857, y: 0.00000004839943, z: -0.20991398, w: 0.9777199}
  m_LocalPosition: {x: -0.043901425, y: 0, z: -0.000000030517576}
  m_LocalScale: {x: 1, y: 1, z: 1}
  m_LocalEulerAnglesHint: {x: 0, y: 0, z: -24.2346}
  m_Children: []
  m_Father: {fileID: 412130}
  m_RootOrder: 0
--- !u!4 &427246
Transform:
  m_ObjectHideFlags: 1
  m_PrefabParentObject: {fileID: 0}
  m_PrefabInternal: {fileID: 100100000}
  m_GameObject: {fileID: 160590}
  m_LocalRotation: {x: 0.08801101, y: -0.091488436, z: -0.10373333, w: 0.98647016}
  m_LocalPosition: {x: -0.12218731, y: 0.009582886, z: -0.023997953}
  m_LocalScale: {x: 1.0000001, y: 1, z: 1}
  m_LocalEulerAnglesHint: {x: 8.8970995, y: -11.6061, z: -12.9119}
  m_Children:
  - {fileID: 435808}
  m_Father: {fileID: 408714}
  m_RootOrder: 3
--- !u!4 &428994
Transform:
  m_ObjectHideFlags: 1
  m_PrefabParentObject: {fileID: 0}
  m_PrefabInternal: {fileID: 100100000}
  m_GameObject: {fileID: 127526}
  m_LocalRotation: {x: -0.6017415, y: 0.34032038, z: 0.061687615, w: 0.7199193}
  m_LocalPosition: {x: -0.048102412, y: 0.023594359, z: 0.04359927}
  m_LocalScale: {x: 1.0000002, y: 1.0000001, z: 1}
  m_LocalEulerAnglesHint: {x: -65.2849, y: 83.9346, z: -50.0984}
  m_Children:
  - {fileID: 498440}
  m_Father: {fileID: 408714}
  m_RootOrder: 0
--- !u!4 &429992
Transform:
  m_ObjectHideFlags: 1
  m_PrefabParentObject: {fileID: 0}
  m_PrefabInternal: {fileID: 100100000}
  m_GameObject: {fileID: 152714}
  m_LocalRotation: {x: -0.0022327835, y: -0.01877982, z: -0.08346161, w: 0.9963315}
  m_LocalPosition: {x: -0.12568939, y: 0.0035606688, z: -0.000071441646}
  m_LocalScale: {x: 1.0000001, y: 0.99999994, z: 1}
  m_LocalEulerAnglesHint: {x: -0.4346, y: -2.1232998, z: -9.5688}
  m_Children:
  - {fileID: 437180}
  m_Father: {fileID: 435090}
  m_RootOrder: 2
--- !u!4 &431690
Transform:
  m_ObjectHideFlags: 1
  m_PrefabParentObject: {fileID: 0}
  m_PrefabInternal: {fileID: 100100000}
  m_GameObject: {fileID: 160628}
  m_LocalRotation: {x: -7.789408e-10, y: -0.0000000037601064, z: 0.04069753, w: 0.9991715}
  m_LocalPosition: {x: -0.47563976, y: 0.000000003814697, z: 0}
  m_LocalScale: {x: 1, y: 1, z: 1}
  m_LocalEulerAnglesHint: {x: 0, y: 0, z: 4.6649}
  m_Children:
  - {fileID: 453372}
  m_Father: {fileID: 442520}
  m_RootOrder: 0
--- !u!4 &433314
Transform:
  m_ObjectHideFlags: 1
  m_PrefabParentObject: {fileID: 0}
  m_PrefabInternal: {fileID: 100100000}
  m_GameObject: {fileID: 139622}
  m_LocalRotation: {x: -5.6819448e-14, y: -0.00000017315392, z: 0.062429298, w: 0.9980494}
  m_LocalPosition: {x: -0.14651237, y: -0.000115753166, z: -3.2104433e-10}
  m_LocalScale: {x: 1, y: 1, z: 1}
  m_LocalEulerAnglesHint: {x: 0, y: 0, z: 7.1584997}
  m_Children:
  - {fileID: 414986}
  m_Father: {fileID: 470478}
  m_RootOrder: 2
--- !u!4 &433566
Transform:
  m_ObjectHideFlags: 1
  m_PrefabParentObject: {fileID: 0}
  m_PrefabInternal: {fileID: 100100000}
  m_GameObject: {fileID: 186104}
  m_LocalRotation: {x: 0.6017415, y: -0.34032038, z: 0.061687607, w: 0.7199193}
  m_LocalPosition: {x: -0.048102412, y: 0.02359442, z: -0.04359924}
  m_LocalScale: {x: 1.0000001, y: 1, z: 1}
  m_LocalEulerAnglesHint: {x: 65.2849, y: -83.9346, z: -50.0984}
  m_Children:
  - {fileID: 479918}
  m_Father: {fileID: 435090}
  m_RootOrder: 0
--- !u!4 &435090
Transform:
  m_ObjectHideFlags: 1
  m_PrefabParentObject: {fileID: 0}
  m_PrefabInternal: {fileID: 100100000}
  m_GameObject: {fileID: 107920}
  m_LocalRotation: {x: -0.70500934, y: -0.13748828, z: -0.08853972, w: 0.6900866}
  m_LocalPosition: {x: -0.27863425, y: 0.000000015258788, z: 0.00000006103515}
  m_LocalScale: {x: 1, y: 1.0000001, z: 1.0000001}
  m_LocalEulerAnglesHint: {x: -85.8526, y: -116.1576, z: 97.7518}
  m_Children:
  - {fileID: 433566}
  - {fileID: 483234}
  - {fileID: 429992}
  - {fileID: 444286}
  - {fileID: 447656}
  - {fileID: 437130}
  m_Father: {fileID: 473560}
  m_RootOrder: 0
--- !u!4 &435808
Transform:
  m_ObjectHideFlags: 1
  m_PrefabParentObject: {fileID: 0}
  m_PrefabInternal: {fileID: 100100000}
  m_GameObject: {fileID: 169738}
  m_LocalRotation: {x: 0, y: 0, z: -0.17410813, w: 0.98472655}
  m_LocalPosition: {x: -0.04473303, y: -0.000000030517576, z: 0}
  m_LocalScale: {x: 1.0000001, y: 1.0000001, z: 1}
  m_LocalEulerAnglesHint: {x: 0, y: 0, z: -20.0535}
  m_Children: []
  m_Father: {fileID: 427246}
  m_RootOrder: 0
--- !u!4 &437130
Transform:
  m_ObjectHideFlags: 1
  m_PrefabParentObject: {fileID: 0}
  m_PrefabInternal: {fileID: 100100000}
  m_GameObject: {fileID: 165100}
  m_LocalRotation: {x: -0.016859556, y: 0.9963082, z: -0.043096773, w: -0.07230733}
  m_LocalPosition: {x: -0.098868154, y: 0.033617917, z: 0.001059143}
  m_LocalScale: {x: 0.99999994, y: 1.0000006, z: 1.0000004}
  m_LocalEulerAnglesHint: {x: 5.0666, y: -171.7677, z: -1.5741}
  m_Children: []
  m_Father: {fileID: 435090}
  m_RootOrder: 5
--- !u!4 &437180
Transform:
  m_ObjectHideFlags: 1
  m_PrefabParentObject: {fileID: 0}
  m_PrefabInternal: {fileID: 100100000}
  m_GameObject: {fileID: 116496}
  m_LocalRotation: {x: 0, y: 0, z: -0.24821162, w: 0.96870583}
  m_LocalPosition: {x: -0.047469236, y: -0.000000030517576, z: 0.000000030517576}
  m_LocalScale: {x: 1.0000001, y: 1.0000001, z: 1}
  m_LocalEulerAnglesHint: {x: 0, y: 0, z: -28.743399}
  m_Children: []
  m_Father: {fileID: 429992}
  m_RootOrder: 0
--- !u!4 &442520
Transform:
  m_ObjectHideFlags: 1
  m_PrefabParentObject: {fileID: 0}
  m_PrefabInternal: {fileID: 100100000}
  m_GameObject: {fileID: 189776}
  m_LocalRotation: {x: -0.021374464, y: 0.9967573, z: 0.049653824, w: 0.05960296}
  m_LocalPosition: {x: 0.04741882, y: 0.004303108, z: 0.086674765}
  m_LocalScale: {x: 0.9999998, y: 1, z: 1.0000001}
  m_LocalEulerAnglesHint: {x: -5.8275, y: 173.26349, z: -2.1136}
  m_Children:
  - {fileID: 431690}
  m_Father: {fileID: 470478}
  m_RootOrder: 0
--- !u!4 &444216
Transform:
  m_ObjectHideFlags: 1
  m_PrefabParentObject: {fileID: 0}
  m_PrefabInternal: {fileID: 100100000}
  m_GameObject: {fileID: 168060}
  m_LocalRotation: {x: 0.000000007217421, y: -0.0000000018493206, z: -0.2482116, w: 0.96870583}
  m_LocalPosition: {x: -0.047469236, y: 0, z: 0}
  m_LocalScale: {x: 1, y: 1, z: 1}
  m_LocalEulerAnglesHint: {x: 0, y: 0, z: -28.743399}
  m_Children: []
  m_Father: {fileID: 495382}
  m_RootOrder: 0
--- !u!4 &444286
Transform:
  m_ObjectHideFlags: 1
  m_PrefabParentObject: {fileID: 0}
  m_PrefabInternal: {fileID: 100100000}
  m_GameObject: {fileID: 116126}
  m_LocalRotation: {x: -0.088011034, y: 0.09148845, z: -0.10373332, w: 0.98647016}
  m_LocalPosition: {x: -0.12218731, y: 0.009582886, z: 0.023997985}
  m_LocalScale: {x: 1.0000001, y: 1, z: 0.99999994}
  m_LocalEulerAnglesHint: {x: -8.8970995, y: 11.606, z: -12.9119}
  m_Children:
  - {fileID: 487230}
  m_Father: {fileID: 435090}
  m_RootOrder: 3
--- !u!4 &447656
Transform:
  m_ObjectHideFlags: 1
  m_PrefabParentObject: {fileID: 0}
  m_PrefabInternal: {fileID: 100100000}
  m_GameObject: {fileID: 102378}
  m_LocalRotation: {x: -0.13827896, y: 0.18762645, z: -0.06266782, w: 0.97043705}
  m_LocalPosition: {x: -0.1156162, y: 0.01683557, z: 0.05136627}
  m_LocalScale: {x: 1.0000001, y: 0.9999999, z: 1.0000001}
  m_LocalEulerAnglesHint: {x: -14.1739, y: 23.1705, z: -10.3097}
  m_Children:
  - {fileID: 465776}
  m_Father: {fileID: 435090}
  m_RootOrder: 4
--- !u!4 &453372
Transform:
  m_ObjectHideFlags: 1
  m_PrefabParentObject: {fileID: 0}
  m_PrefabInternal: {fileID: 100100000}
  m_GameObject: {fileID: 163786}
  m_LocalRotation: {x: -0.12339113, y: 0.06977499, z: -0.051778078, w: 0.98854697}
  m_LocalPosition: {x: -0.36003196, y: 0, z: 0}
  m_LocalScale: {x: 1, y: 0.9999999, z: 0.9999999}
  m_LocalEulerAnglesHint: {x: -13.6936, y: 8.9249, z: -7.0703998}
  m_Children:
  - {fileID: 499558}
  m_Father: {fileID: 431690}
  m_RootOrder: 0
--- !u!4 &462014
Transform:
  m_ObjectHideFlags: 1
  m_PrefabParentObject: {fileID: 0}
  m_PrefabInternal: {fileID: 100100000}
  m_GameObject: {fileID: 170192}
  m_LocalRotation: {x: 0.99630827, y: 0.016859096, z: 0.072308086, w: -0.043094687}
  m_LocalPosition: {x: -0.09886755, y: 0.033617552, z: -0.0010599975}
  m_LocalScale: {x: -0.9999999, y: -1.0000006, z: -0.9999995}
  m_LocalEulerAnglesHint: {x: -5.0664, y: 171.7676, z: 178.42589}
  m_Children: []
  m_Father: {fileID: 408714}
  m_RootOrder: 5
--- !u!4 &462886
Transform:
  m_ObjectHideFlags: 1
  m_PrefabParentObject: {fileID: 0}
  m_PrefabInternal: {fileID: 100100000}
  m_GameObject: {fileID: 183472}
  m_LocalRotation: {x: -0.63091093, y: -0.089214854, z: 0.76311743, w: -0.10790757}
  m_LocalPosition: {x: 0.04733691, y: -0.019163541, z: 0.063123226}
  m_LocalScale: {x: 1, y: 1.0000001, z: 1}
  m_LocalEulerAnglesHint: {x: 15.8025, y: -78.733795, z: -176.89499}
  m_Children:
  - {fileID: 484634}
  m_Father: {fileID: 480766}
  m_RootOrder: 1
--- !u!4 &465472
Transform:
  m_ObjectHideFlags: 1
  m_PrefabParentObject: {fileID: 0}
  m_PrefabInternal: {fileID: 100100000}
  m_GameObject: {fileID: 152298}
  m_LocalRotation: {x: -0.021374637, y: 0.99675745, z: -0.049651064, w: -0.059602987}
  m_LocalPosition: {x: 0.04741882, y: 0.0043035885, z: -0.08667475}
  m_LocalScale: {x: 0.9999999, y: 1, z: 1.0000001}
  m_LocalEulerAnglesHint: {x: 5.8272, y: -173.26349, z: -2.1137}
  m_Children:
  - {fileID: 475194}
  m_Father: {fileID: 470478}
  m_RootOrder: 1
--- !u!4 &465776
Transform:
  m_ObjectHideFlags: 1
  m_PrefabParentObject: {fileID: 0}
  m_PrefabInternal: {fileID: 100100000}
  m_GameObject: {fileID: 165380}
  m_LocalRotation: {x: -0.000000007823236, y: -0.0000000014540873, z: -0.17410813,
    w: 0.98472655}
  m_LocalPosition: {x: -0.03403552, y: 0, z: 0.000000007629394}
  m_LocalScale: {x: 1.0000001, y: 1.0000001, z: 1.0000001}
  m_LocalEulerAnglesHint: {x: 0, y: 0, z: -20.0535}
  m_Children: []
  m_Father: {fileID: 447656}
  m_RootOrder: 0
--- !u!4 &466274
Transform:
  m_ObjectHideFlags: 1
  m_PrefabParentObject: {fileID: 0}
  m_PrefabInternal: {fileID: 100100000}
  m_GameObject: {fileID: 152462}
  m_LocalRotation: {x: -0.7071068, y: 0, z: -0, w: 0.7071068}
  m_LocalPosition: {x: 0, y: 0, z: 0}
  m_LocalScale: {x: 1, y: 1, z: 1}
  m_LocalEulerAnglesHint: {x: -90, y: 0, z: 0}
  m_Children: []
  m_Father: {fileID: 486630}
  m_RootOrder: 3
--- !u!4 &467296
Transform:
  m_ObjectHideFlags: 1
  m_PrefabParentObject: {fileID: 0}
  m_PrefabInternal: {fileID: 100100000}
  m_GameObject: {fileID: 129142}
  m_LocalRotation: {x: 0, y: 0, z: 0, w: 1}
  m_LocalPosition: {x: 0, y: 0, z: 0}
  m_LocalScale: {x: 1, y: 1, z: 1}
  m_LocalEulerAnglesHint: {x: 0, y: 0, z: 0}
  m_Children:
  - {fileID: 486630}
  m_Father: {fileID: 0}
  m_RootOrder: 0
--- !u!4 &468138
Transform:
  m_ObjectHideFlags: 1
  m_PrefabParentObject: {fileID: 0}
  m_PrefabInternal: {fileID: 100100000}
  m_GameObject: {fileID: 147432}
  m_LocalRotation: {x: -0.7071067, y: -0.000000021073422, z: 0.000000021073426, w: 0.7071068}
  m_LocalPosition: {x: 0.00000006103515, y: 1.3999999, z: 1.7999998}
  m_LocalScale: {x: 0.99999994, y: 1, z: 1}
  m_LocalEulerAnglesHint: {x: -89.980194, y: 0, z: 0}
  m_Children: []
  m_Father: {fileID: 486630}
  m_RootOrder: 2
--- !u!4 &470478
Transform:
  m_ObjectHideFlags: 1
  m_PrefabParentObject: {fileID: 0}
  m_PrefabInternal: {fileID: 100100000}
  m_GameObject: {fileID: 197556}
  m_LocalRotation: {x: -0.0000021087055, y: 0.0000007232494, z: -0.04401716, w: 0.99903077}
  m_LocalPosition: {x: -0.047613584, y: -0.00011618661, z: 0.00000006619142}
  m_LocalScale: {x: 1.0000001, y: 1, z: 0.99999994}
  m_LocalEulerAnglesHint: {x: -0.0002, y: 0.0001, z: -5.0457}
  m_Children:
  - {fileID: 442520}
  - {fileID: 465472}
  - {fileID: 433314}
  m_Father: {fileID: 421108}
  m_RootOrder: 0
--- !u!4 &473560
Transform:
  m_ObjectHideFlags: 1
  m_PrefabParentObject: {fileID: 0}
  m_PrefabInternal: {fileID: 100100000}
  m_GameObject: {fileID: 152400}
  m_LocalRotation: {x: -0.000000010070054, y: 0.0000000132721425, z: 0.18436056, w: 0.98285866}
  m_LocalPosition: {x: -0.2673807, y: 0, z: -0.00000006103515}
  m_LocalScale: {x: 0.99999994, y: 1, z: 1}
  m_LocalEulerAnglesHint: {x: 0, y: 0, z: 21.2477}
  m_Children:
  - {fileID: 435090}
  m_Father: {fileID: 484634}
  m_RootOrder: 0
--- !u!4 &475194
Transform:
  m_ObjectHideFlags: 1
  m_PrefabParentObject: {fileID: 0}
  m_PrefabInternal: {fileID: 100100000}
  m_GameObject: {fileID: 197950}
  m_LocalRotation: {x: 0.0000000031053182, y: 0.0000000038548627, z: 0.04069754, w: 0.9991715}
  m_LocalPosition: {x: -0.4756398, y: -0.000000003814697, z: 0.000000030517576}
  m_LocalScale: {x: 1, y: 1, z: 1}
  m_LocalEulerAnglesHint: {x: 0, y: 0, z: 4.6649}
  m_Children:
  - {fileID: 492530}
  m_Father: {fileID: 465472}
  m_RootOrder: 0
--- !u!4 &478096
Transform:
  m_ObjectHideFlags: 1
  m_PrefabParentObject: {fileID: 0}
  m_PrefabInternal: {fileID: 100100000}
  m_GameObject: {fileID: 102632}
  m_LocalRotation: {x: 0.0000000051852753, y: -0.000000046835446, z: -0.20991398,
    w: 0.9777199}
  m_LocalPosition: {x: -0.043901425, y: 0, z: 0.000000030517576}
  m_LocalScale: {x: 1.0000001, y: 1.0000001, z: 1}
  m_LocalEulerAnglesHint: {x: 0, y: 0, z: -24.2346}
  m_Children: []
  m_Father: {fileID: 483234}
  m_RootOrder: 0
--- !u!4 &479918
Transform:
  m_ObjectHideFlags: 1
  m_PrefabParentObject: {fileID: 0}
  m_PrefabInternal: {fileID: 100100000}
  m_GameObject: {fileID: 172662}
  m_LocalRotation: {x: 0, y: 0, z: 0.0046112286, w: 0.9999894}
  m_LocalPosition: {x: -0.044830043, y: 0, z: -0.000000030517576}
  m_LocalScale: {x: 0.99999994, y: 1.0000001, z: 0.99999994}
  m_LocalEulerAnglesHint: {x: 0, y: 0, z: 0.5284}
  m_Children: []
  m_Father: {fileID: 433566}
  m_RootOrder: 0
--- !u!4 &480766
Transform:
  m_ObjectHideFlags: 1
  m_PrefabParentObject: {fileID: 0}
  m_PrefabInternal: {fileID: 100100000}
  m_GameObject: {fileID: 197400}
  m_LocalRotation: {x: -1.0889291e-14, y: 0.00000038724357, z: -0.13961767, w: 0.9902055}
  m_LocalPosition: {x: -0.18234813, y: 0.00027416227, z: -0.00000006011285}
  m_LocalScale: {x: 1.0000001, y: 1, z: 1}
  m_LocalEulerAnglesHint: {x: 0, y: 0, z: -16.0515}
  m_Children:
  - {fileID: 485142}
  - {fileID: 462886}
  - {fileID: 409798}
  m_Father: {fileID: 414986}
  m_RootOrder: 0
--- !u!4 &483234
Transform:
  m_ObjectHideFlags: 1
  m_PrefabParentObject: {fileID: 0}
  m_PrefabInternal: {fileID: 100100000}
  m_GameObject: {fileID: 179858}
  m_LocalRotation: {x: -0.010891812, y: -0.100146845, z: -0.054443475, w: 0.9934223}
  m_LocalPosition: {x: -0.12083935, y: 0.003021179, z: -0.028200377}
  m_LocalScale: {x: 1, y: 1.0000001, z: 1}
  m_LocalEulerAnglesHint: {x: -1.865, y: -11.413899, z: -6.0874}
  m_Children:
  - {fileID: 478096}
  m_Father: {fileID: 435090}
  m_RootOrder: 1
--- !u!4 &484634
Transform:
  m_ObjectHideFlags: 1
  m_PrefabParentObject: {fileID: 0}
  m_PrefabInternal: {fileID: 100100000}
  m_GameObject: {fileID: 182820}
  m_LocalRotation: {x: 0.03926654, y: -0.43568373, z: -0.040266145, w: 0.898341}
  m_LocalPosition: {x: -0.13995801, y: 0, z: -0.0000001220703}
  m_LocalScale: {x: 1.0000001, y: 1, z: 1.0000002}
  m_LocalEulerAnglesHint: {x: 2.0323, y: -51.8542, z: -6.121}
  m_Children:
  - {fileID: 473560}
  m_Father: {fileID: 462886}
  m_RootOrder: 0
--- !u!4 &484838
Transform:
  m_ObjectHideFlags: 1
  m_PrefabParentObject: {fileID: 0}
  m_PrefabInternal: {fileID: 100100000}
  m_GameObject: {fileID: 148250}
  m_LocalRotation: {x: 0.000000015564426, y: -0.000000042563613, z: 0.18436056, w: 0.98285866}
  m_LocalPosition: {x: -0.2673807, y: 0, z: 0}
  m_LocalScale: {x: 1, y: 1.0000001, z: 1.0000001}
  m_LocalEulerAnglesHint: {x: 0, y: 0, z: 21.2477}
  m_Children:
  - {fileID: 408714}
  m_Father: {fileID: 401776}
  m_RootOrder: 0
--- !u!4 &484904
Transform:
  m_ObjectHideFlags: 1
  m_PrefabParentObject: {fileID: 0}
  m_PrefabInternal: {fileID: 100100000}
  m_GameObject: {fileID: 108218}
  m_LocalRotation: {x: 0.13827895, y: -0.18762644, z: -0.062667824, w: 0.97043705}
  m_LocalPosition: {x: -0.1156162, y: 0.016835509, z: -0.051366236}
  m_LocalScale: {x: 1.0000001, y: 1, z: 1.0000001}
  m_LocalEulerAnglesHint: {x: 14.1739, y: -23.1705, z: -10.3097}
  m_Children:
  - {fileID: 408342}
  m_Father: {fileID: 408714}
  m_RootOrder: 4
--- !u!4 &485142
Transform:
  m_ObjectHideFlags: 1
  m_PrefabParentObject: {fileID: 0}
  m_PrefabInternal: {fileID: 100100000}
  m_GameObject: {fileID: 185852}
  m_LocalRotation: {x: -2.7744582e-13, y: -0.00000024810726, z: 0.089453824, w: 0.995991}
  m_LocalPosition: {x: -0.10368127, y: 0.013741393, z: 0.0000000055030682}
  m_LocalScale: {x: 1, y: 1.0000001, z: 1}
  m_LocalEulerAnglesHint: {x: 0, y: 0, z: 10.2644}
  m_Children: []
  m_Father: {fileID: 480766}
  m_RootOrder: 0
--- !u!4 &486630
Transform:
  m_ObjectHideFlags: 1
  m_PrefabParentObject: {fileID: 0}
  m_PrefabInternal: {fileID: 100100000}
  m_GameObject: {fileID: 109490}
  m_LocalRotation: {x: 0, y: 0, z: 0, w: 1}
  m_LocalPosition: {x: 0, y: 0, z: 0}
  m_LocalScale: {x: 1, y: 1, z: 1}
  m_LocalEulerAnglesHint: {x: 0, y: 0, z: 0}
  m_Children:
  - {fileID: 494548}
  - {fileID: 493364}
  - {fileID: 468138}
  - {fileID: 466274}
  m_Father: {fileID: 467296}
  m_RootOrder: 0
--- !u!4 &487230
Transform:
  m_ObjectHideFlags: 1
  m_PrefabParentObject: {fileID: 0}
  m_PrefabInternal: {fileID: 100100000}
  m_GameObject: {fileID: 194918}
  m_LocalRotation: {x: 0.0000000025944131, y: 0.000000014673568, z: -0.17410812, w: 0.98472655}
  m_LocalPosition: {x: -0.04473303, y: 0.000000030517576, z: 0.000000015258788}
  m_LocalScale: {x: 1, y: 1, z: 1}
  m_LocalEulerAnglesHint: {x: 0, y: 0, z: -20.0535}
  m_Children: []
  m_Father: {fileID: 444286}
  m_RootOrder: 0
--- !u!4 &490570
Transform:
  m_ObjectHideFlags: 1
  m_PrefabParentObject: {fileID: 0}
  m_PrefabInternal: {fileID: 100100000}
  m_GameObject: {fileID: 198734}
  m_LocalRotation: {x: -0.000000015454317, y: 0.00000001545431, z: -0.7071068, w: 0.7071068}
  m_LocalPosition: {x: -0.09385425, y: 0.11357196, z: 0}
  m_LocalScale: {x: 1, y: 1, z: 1}
  m_LocalEulerAnglesHint: {x: 0, y: 0, z: -90}
  m_Children: []
  m_Father: {fileID: 492530}
  m_RootOrder: 0
--- !u!4 &492530
Transform:
  m_ObjectHideFlags: 1
  m_PrefabParentObject: {fileID: 0}
  m_PrefabInternal: {fileID: 100100000}
  m_GameObject: {fileID: 141458}
  m_LocalRotation: {x: 0.1233911, y: -0.069775075, z: -0.051778074, w: 0.98854697}
  m_LocalPosition: {x: -0.36003196, y: 0.000000015258788, z: -0.000000015258788}
  m_LocalScale: {x: 1, y: 1, z: 0.99999994}
  m_LocalEulerAnglesHint: {x: 13.6936, y: -8.9249, z: -7.0703998}
  m_Children:
  - {fileID: 490570}
  m_Father: {fileID: 475194}
  m_RootOrder: 0
--- !u!4 &493364
Transform:
  m_ObjectHideFlags: 1
  m_PrefabParentObject: {fileID: 0}
  m_PrefabInternal: {fileID: 100100000}
  m_GameObject: {fileID: 171836}
  m_LocalRotation: {x: -0.7071067, y: -0.000000021073422, z: 0.000000021073426, w: 0.7071068}
  m_LocalPosition: {x: 0.000000015258788, y: 1.3999999, z: 0.59999996}
  m_LocalScale: {x: 0.99999994, y: 1, z: 1}
  m_LocalEulerAnglesHint: {x: -89.980194, y: 0, z: 0}
  m_Children: []
  m_Father: {fileID: 486630}
  m_RootOrder: 1
--- !u!4 &494548
Transform:
  m_ObjectHideFlags: 1
  m_PrefabParentObject: {fileID: 0}
  m_PrefabInternal: {fileID: 100100000}
  m_GameObject: {fileID: 154128}
  m_LocalRotation: {x: -0.50000036, y: 0.49999964, z: 0.49999964, w: 0.50000036}
  m_LocalPosition: {x: -0.0000000012518969, y: 0.92757624, z: -0.004413986}
  m_LocalScale: {x: 0.99999994, y: 0.99999994, z: 1}
  m_LocalEulerAnglesHint: {x: -90, y: 89.9999, z: 0}
  m_Children:
  - {fileID: 421108}
  m_Father: {fileID: 486630}
  m_RootOrder: 0
--- !u!4 &495382
Transform:
  m_ObjectHideFlags: 1
  m_PrefabParentObject: {fileID: 0}
  m_PrefabInternal: {fileID: 100100000}
  m_GameObject: {fileID: 107788}
  m_LocalRotation: {x: 0.002232777, y: 0.018779835, z: -0.08346161, w: 0.9963315}
  m_LocalPosition: {x: -0.12568939, y: 0.0035606076, z: 0.00007147216}
  m_LocalScale: {x: 1.0000001, y: 1.0000001, z: 1.0000001}
  m_LocalEulerAnglesHint: {x: 0.43449998, y: 2.1232998, z: -9.5688}
  m_Children:
  - {fileID: 444216}
  m_Father: {fileID: 408714}
  m_RootOrder: 2
--- !u!4 &498440
Transform:
  m_ObjectHideFlags: 1
  m_PrefabParentObject: {fileID: 0}
  m_PrefabInternal: {fileID: 100100000}
  m_GameObject: {fileID: 156534}
  m_LocalRotation: {x: 0.0000000074505015, y: 3.435633e-11, z: 0.0046112286, w: 0.9999894}
  m_LocalPosition: {x: -0.044830136, y: 0, z: 0}
  m_LocalScale: {x: 0.9999999, y: 0.99999994, z: 0.99999994}
  m_LocalEulerAnglesHint: {x: 0, y: 0, z: 0.5284}
  m_Children: []
  m_Father: {fileID: 428994}
  m_RootOrder: 0
--- !u!4 &499558
Transform:
  m_ObjectHideFlags: 1
  m_PrefabParentObject: {fileID: 0}
  m_PrefabInternal: {fileID: 100100000}
  m_GameObject: {fileID: 115034}
  m_LocalRotation: {x: 0.000000004917604, y: -0.000000025991023, z: -0.7071068, w: 0.7071068}
  m_LocalPosition: {x: -0.09385425, y: 0.11357196, z: 0}
  m_LocalScale: {x: 1, y: 1, z: 1}
  m_LocalEulerAnglesHint: {x: 0, y: 0, z: -90}
  m_Children: []
  m_Father: {fileID: 453372}
  m_RootOrder: 0
--- !u!23 &2367066
MeshRenderer:
  m_ObjectHideFlags: 1
  m_PrefabParentObject: {fileID: 0}
  m_PrefabInternal: {fileID: 100100000}
  m_GameObject: {fileID: 191626}
  m_Enabled: 1
  m_CastShadows: 1
  m_ReceiveShadows: 1
  m_Materials:
  - {fileID: 2100000, guid: a9ceb947ce5803740bde20095f40b39d, type: 2}
  m_SubsetIndices: 
  m_StaticBatchRoot: {fileID: 0}
  m_UseLightProbes: 1
  m_ReflectionProbeUsage: 1
  m_ProbeAnchor: {fileID: 0}
  m_ScaleInLightmap: 1
  m_PreserveUVs: 0
  m_IgnoreNormalsForChartDetection: 0
  m_ImportantGI: 0
  m_MinimumChartSize: 4
  m_AutoUVMaxDistance: 0.5
  m_AutoUVMaxAngle: 89
  m_LightmapParameters: {fileID: 0}
  m_SortingLayerID: 0
  m_SortingOrder: 0
--- !u!33 &3301012
MeshFilter:
  m_ObjectHideFlags: 1
  m_PrefabParentObject: {fileID: 0}
  m_PrefabInternal: {fileID: 100100000}
  m_GameObject: {fileID: 191626}
  m_Mesh: {fileID: 4300000, guid: d083b685428bc734ab28c6f6c9f5c503, type: 3}
--- !u!95 &9540378
Animator:
  serializedVersion: 3
  m_ObjectHideFlags: 1
  m_PrefabParentObject: {fileID: 0}
  m_PrefabInternal: {fileID: 100100000}
  m_GameObject: {fileID: 129142}
  m_Enabled: 1
  m_Avatar: {fileID: 9000000, guid: e86278201fd8aa949a9cf58b6d9c3023, type: 3}
  m_Controller: {fileID: 9100000, guid: 7eda7d50d30f1114994d8f505001c494, type: 2}
  m_CullingMode: 1
  m_UpdateMode: 0
  m_ApplyRootMotion: 0
  m_LinearVelocityBlending: 0
  m_WarningMessage: 
  m_HasTransformHierarchy: 1
  m_AllowConstantClipSamplingOptimization: 1
--- !u!114 &11480708
MonoBehaviour:
  m_ObjectHideFlags: 1
  m_PrefabParentObject: {fileID: 0}
  m_PrefabInternal: {fileID: 100100000}
  m_GameObject: {fileID: 129142}
  m_Enabled: 1
  m_EditorHideFlags: 0
  m_Script: {fileID: 11500000, guid: f12648c311a1e3844aea99312622dc2a, type: 3}
  m_Name: 
  m_EditorClassIdentifier: 
  HitParticle: {fileID: 0}
--- !u!136 &13632076
CapsuleCollider:
  m_ObjectHideFlags: 1
  m_PrefabParentObject: {fileID: 0}
  m_PrefabInternal: {fileID: 100100000}
  m_GameObject: {fileID: 129142}
  m_Material: {fileID: 0}
  m_IsTrigger: 0
  m_Enabled: 1
  m_Radius: 0.5
  m_Height: 3
  m_Direction: 1
  m_Center: {x: 0, y: 0.5, z: 0}
--- !u!137 &13784442
SkinnedMeshRenderer:
  m_ObjectHideFlags: 1
  m_PrefabParentObject: {fileID: 0}
  m_PrefabInternal: {fileID: 100100000}
  m_GameObject: {fileID: 152462}
  m_Enabled: 1
  m_CastShadows: 1
  m_ReceiveShadows: 1
  m_Materials:
  - {fileID: 2100000, guid: d266b4e7b34bbe2479cc5b6a2496026e, type: 2}
  m_SubsetIndices: 
  m_StaticBatchRoot: {fileID: 0}
  m_UseLightProbes: 1
  m_ReflectionProbeUsage: 1
  m_ProbeAnchor: {fileID: 0}
  m_ScaleInLightmap: 1
  m_PreserveUVs: 0
  m_IgnoreNormalsForChartDetection: 0
  m_ImportantGI: 0
  m_MinimumChartSize: 4
  m_AutoUVMaxDistance: 0.5
  m_AutoUVMaxAngle: 89
  m_LightmapParameters: {fileID: 0}
  m_SortingLayerID: 0
  m_SortingOrder: 0
  serializedVersion: 2
  m_Quality: 0
  m_UpdateWhenOffscreen: 0
  m_Mesh: {fileID: 4300000, guid: e86278201fd8aa949a9cf58b6d9c3023, type: 3}
  m_Bones:
  - {fileID: 414986}
  - {fileID: 485142}
  - {fileID: 433314}
  - {fileID: 480766}
  - {fileID: 409798}
  - {fileID: 462886}
  - {fileID: 470478}
  - {fileID: 465472}
  - {fileID: 442520}
  - {fileID: 499558}
  - {fileID: 453372}
  - {fileID: 431690}
  - {fileID: 421108}
  - {fileID: 484634}
  - {fileID: 435090}
  - {fileID: 473560}
  - {fileID: 444286}
  - {fileID: 429992}
  - {fileID: 437180}
  - {fileID: 478096}
  - {fileID: 483234}
  - {fileID: 433566}
  - {fileID: 479918}
  - {fileID: 487230}
  - {fileID: 465776}
  - {fileID: 447656}
  - {fileID: 475194}
  - {fileID: 492530}
  - {fileID: 490570}
  - {fileID: 401776}
  - {fileID: 408714}
  - {fileID: 484838}
  - {fileID: 427246}
  - {fileID: 495382}
  - {fileID: 444216}
  - {fileID: 425540}
  - {fileID: 412130}
  - {fileID: 428994}
  - {fileID: 498440}
  - {fileID: 435808}
  - {fileID: 408342}
  - {fileID: 484904}
  - {fileID: 494548}
  m_BlendShapeWeights: []
  m_RootBone: {fileID: 494548}
  m_AABB:
    m_Center: {x: 0.0019179881, y: -0.000000029802322, z: -0.029603422}
    m_Extent: {x: 0.18867731, y: 0.50440645, z: 0.9005158}
  m_DirtyAABB: 0
--- !u!1001 &100100000
Prefab:
  m_ObjectHideFlags: 1
  serializedVersion: 2
  m_Modification:
    m_TransformParent: {fileID: 0}
    m_Modifications: []
    m_RemovedComponents: []
  m_ParentPrefab: {fileID: 0}
  m_RootGameObject: {fileID: 129142}
  m_IsPrefabParent: 1
