%YAML 1.1
%TAG !u! tag:unity3d.com,2011:
--- !u!1 &105322
GameObject:
  m_ObjectHideFlags: 1
  m_PrefabParentObject: {fileID: 0}
  m_PrefabInternal: {fileID: 100100000}
  serializedVersion: 4
  m_Component:
  - 4: {fileID: 441348}
  - 114: {fileID: 11459364}
  m_Layer: 0
  m_Name: Start Dialogue
  m_TagString: Untagged
  m_Icon: {fileID: 0}
  m_NavMeshLayer: 0
  m_StaticEditorFlags: 0
  m_IsActive: 1
--- !u!1 &108108
GameObject:
  m_ObjectHideFlags: 1
  m_PrefabParentObject: {fileID: 0}
  m_PrefabInternal: {fileID: 100100000}
  serializedVersion: 4
  m_Component:
  - 4: {fileID: 407206}
  - 114: {fileID: 11495266}
  m_Layer: 0
  m_Name: Finn
  m_TagString: Untagged
  m_Icon: {fileID: 0}
  m_NavMeshLayer: 0
  m_StaticEditorFlags: 0
  m_IsActive: 1
--- !u!1 &108758
GameObject:
  m_ObjectHideFlags: 1
  m_PrefabParentObject: {fileID: 0}
  m_PrefabInternal: {fileID: 100100000}
  serializedVersion: 4
  m_Component:
  - 4: {fileID: 473328}
  - 114: {fileID: 11491860}
  m_Layer: 0
  m_Name: Play Animation
  m_TagString: Untagged
  m_Icon: {fileID: 0}
  m_NavMeshLayer: 0
  m_StaticEditorFlags: 0
  m_IsActive: 1
--- !u!1 &112684
GameObject:
  m_ObjectHideFlags: 1
  m_PrefabParentObject: {fileID: 0}
  m_PrefabInternal: {fileID: 100100000}
  serializedVersion: 4
  m_Component:
  - 4: {fileID: 407760}
  - 114: {fileID: 11458758}
  m_Layer: 0
  m_Name: Flux.FCharacterMove
  m_TagString: Untagged
  m_Icon: {fileID: 0}
  m_NavMeshLayer: 0
  m_StaticEditorFlags: 0
  m_IsActive: 1
--- !u!1 &115690
GameObject:
  m_ObjectHideFlags: 1
  m_PrefabParentObject: {fileID: 0}
  m_PrefabInternal: {fileID: 100100000}
  serializedVersion: 4
  m_Component:
  - 4: {fileID: 469694}
  - 114: {fileID: 11424474}
  m_Layer: 0
  m_Name: Play Animation
  m_TagString: Untagged
  m_Icon: {fileID: 0}
  m_NavMeshLayer: 0
  m_StaticEditorFlags: 0
  m_IsActive: 1
--- !u!1 &120808
GameObject:
  m_ObjectHideFlags: 1
  m_PrefabParentObject: {fileID: 0}
  m_PrefabInternal: {fileID: 100100000}
  serializedVersion: 4
  m_Component:
  - 4: {fileID: 408816}
  - 114: {fileID: 11468184}
  m_Layer: 0
  m_Name: Tween Color
  m_TagString: Untagged
  m_Icon: {fileID: 0}
  m_NavMeshLayer: 0
  m_StaticEditorFlags: 0
  m_IsActive: 1
--- !u!1 &130986
GameObject:
  m_ObjectHideFlags: 1
  m_PrefabParentObject: {fileID: 0}
  m_PrefabInternal: {fileID: 100100000}
  serializedVersion: 4
  m_Component:
  - 4: {fileID: 465080}
  - 114: {fileID: 11454962}
  m_Layer: 0
  m_Name: Kael
  m_TagString: Untagged
  m_Icon: {fileID: 0}
  m_NavMeshLayer: 0
  m_StaticEditorFlags: 0
  m_IsActive: 1
--- !u!1 &131054
GameObject:
  m_ObjectHideFlags: 0
  m_PrefabParentObject: {fileID: 0}
  m_PrefabInternal: {fileID: 100100000}
  serializedVersion: 4
  m_Component:
  - 4: {fileID: 417434}
  - 114: {fileID: 11431696}
  - 114: {fileID: 11470140}
  - 114: {fileID: 11471030}
  m_Layer: 0
  m_Name: Giving Up Sequence
  m_TagString: Untagged
  m_Icon: {fileID: 0}
  m_NavMeshLayer: 0
  m_StaticEditorFlags: 0
  m_IsActive: 1
--- !u!1 &136798
GameObject:
  m_ObjectHideFlags: 1
  m_PrefabParentObject: {fileID: 0}
  m_PrefabInternal: {fileID: 100100000}
  serializedVersion: 4
  m_Component:
  - 4: {fileID: 486782}
  - 114: {fileID: 11480782}
  m_Layer: 0
  m_Name: Flux.FTweenColorEvent
  m_TagString: Untagged
  m_Icon: {fileID: 0}
  m_NavMeshLayer: 0
  m_StaticEditorFlags: 0
  m_IsActive: 1
--- !u!1 &145006
GameObject:
  m_ObjectHideFlags: 1
  m_PrefabParentObject: {fileID: 0}
  m_PrefabInternal: {fileID: 100100000}
  serializedVersion: 4
  m_Component:
  - 4: {fileID: 469728}
  - 114: {fileID: 11435792}
  m_Layer: 0
  m_Name: Resume Sequence Dialogue
  m_TagString: Untagged
  m_Icon: {fileID: 0}
  m_NavMeshLayer: 0
  m_StaticEditorFlags: 0
  m_IsActive: 1
--- !u!1 &145948
GameObject:
  m_ObjectHideFlags: 1
  m_PrefabParentObject: {fileID: 0}
  m_PrefabInternal: {fileID: 100100000}
  serializedVersion: 4
  m_Component:
  - 4: {fileID: 402390}
  - 114: {fileID: 11424338}
  m_Layer: 0
  m_Name: Maerckall Tribune Sequence
  m_TagString: Untagged
  m_Icon: {fileID: 0}
  m_NavMeshLayer: 0
  m_StaticEditorFlags: 0
  m_IsActive: 1
--- !u!1 &151758
GameObject:
  m_ObjectHideFlags: 1
  m_PrefabParentObject: {fileID: 0}
  m_PrefabInternal: {fileID: 100100000}
  serializedVersion: 4
  m_Component:
  - 4: {fileID: 451570}
  - 114: {fileID: 11456766}
  m_Layer: 0
  m_Name: Default
  m_TagString: Untagged
  m_Icon: {fileID: 0}
  m_NavMeshLayer: 0
  m_StaticEditorFlags: 0
  m_IsActive: 1
--- !u!1 &152432
GameObject:
  m_ObjectHideFlags: 1
  m_PrefabParentObject: {fileID: 0}
  m_PrefabInternal: {fileID: 100100000}
  serializedVersion: 4
  m_Component:
  - 4: {fileID: 418816}
  - 114: {fileID: 11485566}
  m_Layer: 0
  m_Name: Pause Sequence
  m_TagString: Untagged
  m_Icon: {fileID: 0}
  m_NavMeshLayer: 0
  m_StaticEditorFlags: 0
  m_IsActive: 1
--- !u!1 &152860
GameObject:
  m_ObjectHideFlags: 1
  m_PrefabParentObject: {fileID: 0}
  m_PrefabInternal: {fileID: 100100000}
  serializedVersion: 4
  m_Component:
  - 4: {fileID: 467734}
  - 114: {fileID: 11404934}
  m_Layer: 0
  m_Name: Image
  m_TagString: Untagged
  m_Icon: {fileID: 0}
  m_NavMeshLayer: 0
  m_StaticEditorFlags: 0
  m_IsActive: 1
--- !u!1 &154022
GameObject:
  m_ObjectHideFlags: 1
  m_PrefabParentObject: {fileID: 0}
  m_PrefabInternal: {fileID: 100100000}
  serializedVersion: 4
  m_Component:
  - 4: {fileID: 487292}
  - 114: {fileID: 11433742}
  m_Layer: 0
  m_Name: Flux.FTweenColorEvent
  m_TagString: Untagged
  m_Icon: {fileID: 0}
  m_NavMeshLayer: 0
  m_StaticEditorFlags: 0
  m_IsActive: 1
--- !u!1 &155498
GameObject:
  m_ObjectHideFlags: 1
  m_PrefabParentObject: {fileID: 0}
  m_PrefabInternal: {fileID: 100100000}
  serializedVersion: 4
  m_Component:
  - 4: {fileID: 485590}
  - 114: {fileID: 11446786}
  m_Layer: 0
  m_Name: Flux.FCallFunctionEvent
  m_TagString: Untagged
  m_Icon: {fileID: 0}
  m_NavMeshLayer: 0
  m_StaticEditorFlags: 0
  m_IsActive: 1
--- !u!1 &156226
GameObject:
  m_ObjectHideFlags: 1
  m_PrefabParentObject: {fileID: 0}
  m_PrefabInternal: {fileID: 100100000}
  serializedVersion: 4
  m_Component:
  - 4: {fileID: 472110}
  - 114: {fileID: 11468912}
  m_Layer: 0
  m_Name: Character Move
  m_TagString: Untagged
  m_Icon: {fileID: 0}
  m_NavMeshLayer: 0
  m_StaticEditorFlags: 0
  m_IsActive: 1
--- !u!1 &165112
GameObject:
  m_ObjectHideFlags: 1
  m_PrefabParentObject: {fileID: 0}
  m_PrefabInternal: {fileID: 100100000}
  serializedVersion: 4
  m_Component:
  - 4: {fileID: 463222}
  - 114: {fileID: 11443914}
  m_Layer: 0
  m_Name: Flux.FCallFunctionEvent
  m_TagString: Untagged
  m_Icon: {fileID: 0}
  m_NavMeshLayer: 0
  m_StaticEditorFlags: 0
  m_IsActive: 1
--- !u!1 &168136
GameObject:
  m_ObjectHideFlags: 1
  m_PrefabParentObject: {fileID: 0}
  m_PrefabInternal: {fileID: 100100000}
  serializedVersion: 4
  m_Component:
  - 4: {fileID: 449448}
  - 114: {fileID: 11433148}
  m_Layer: 0
  m_Name: Flux.StartDialogue
  m_TagString: Untagged
  m_Icon: {fileID: 0}
  m_NavMeshLayer: 0
  m_StaticEditorFlags: 0
  m_IsActive: 1
--- !u!1 &170742
GameObject:
  m_ObjectHideFlags: 1
  m_PrefabParentObject: {fileID: 0}
  m_PrefabInternal: {fileID: 100100000}
  serializedVersion: 4
  m_Component:
  - 4: {fileID: 453884}
  - 114: {fileID: 11422764}
  m_Layer: 0
  m_Name: Flux.ResumeSequenceDialogue
  m_TagString: Untagged
  m_Icon: {fileID: 0}
  m_NavMeshLayer: 0
  m_StaticEditorFlags: 0
  m_IsActive: 1
--- !u!1 &172760
GameObject:
  m_ObjectHideFlags: 1
  m_PrefabParentObject: {fileID: 0}
  m_PrefabInternal: {fileID: 100100000}
  serializedVersion: 4
  m_Component:
  - 4: {fileID: 474870}
  - 114: {fileID: 11403786}
  m_Layer: 0
  m_Name: Call Function
  m_TagString: Untagged
  m_Icon: {fileID: 0}
  m_NavMeshLayer: 0
  m_StaticEditorFlags: 0
  m_IsActive: 1
--- !u!1 &176910
GameObject:
  m_ObjectHideFlags: 1
  m_PrefabParentObject: {fileID: 0}
  m_PrefabInternal: {fileID: 100100000}
  serializedVersion: 4
  m_Component:
  - 4: {fileID: 499518}
  - 114: {fileID: 11416280}
  m_Layer: 0
  m_Name: Flux.PlayAnimation
  m_TagString: Untagged
  m_Icon: {fileID: 0}
  m_NavMeshLayer: 0
  m_StaticEditorFlags: 0
  m_IsActive: 1
--- !u!1 &182006
GameObject:
  m_ObjectHideFlags: 0
  m_PrefabParentObject: {fileID: 0}
  m_PrefabInternal: {fileID: 100100000}
  serializedVersion: 4
  m_Component:
  - 4: {fileID: 460048}
  m_Layer: 0
  m_Name: SequenceContent
  m_TagString: Untagged
  m_Icon: {fileID: 0}
  m_NavMeshLayer: 0
  m_StaticEditorFlags: 0
  m_IsActive: 1
--- !u!1 &190186
GameObject:
  m_ObjectHideFlags: 1
  m_PrefabParentObject: {fileID: 0}
  m_PrefabInternal: {fileID: 100100000}
  serializedVersion: 4
  m_Component:
  - 4: {fileID: 446706}
  - 114: {fileID: 11448090}
  m_Layer: 0
  m_Name: Character Move
  m_TagString: Untagged
  m_Icon: {fileID: 0}
  m_NavMeshLayer: 0
  m_StaticEditorFlags: 0
  m_IsActive: 1
--- !u!1 &190682
GameObject:
  m_ObjectHideFlags: 1
  m_PrefabParentObject: {fileID: 0}
  m_PrefabInternal: {fileID: 100100000}
  serializedVersion: 4
  m_Component:
  - 4: {fileID: 473536}
  - 114: {fileID: 11432706}
  m_Layer: 0
  m_Name: Flux.FPauseSequenceEvent
  m_TagString: Untagged
  m_Icon: {fileID: 0}
  m_NavMeshLayer: 0
  m_StaticEditorFlags: 0
  m_IsActive: 1
--- !u!4 &402390
Transform:
  m_ObjectHideFlags: 1
  m_PrefabParentObject: {fileID: 0}
  m_PrefabInternal: {fileID: 100100000}
  m_GameObject: {fileID: 145948}
  m_LocalRotation: {x: 0, y: 0, z: 0, w: 1}
  m_LocalPosition: {x: 0, y: 0, z: 0}
  m_LocalScale: {x: 1, y: 1, z: 1}
  m_LocalEulerAnglesHint: {x: 0, y: 0, z: 0}
  m_Children:
  - {fileID: 441348}
  - {fileID: 469728}
  - {fileID: 418816}
  - {fileID: 474870}
  m_Father: {fileID: 451570}
  m_RootOrder: 0
--- !u!4 &407206
Transform:
  m_ObjectHideFlags: 1
  m_PrefabParentObject: {fileID: 0}
  m_PrefabInternal: {fileID: 100100000}
  m_GameObject: {fileID: 108108}
  m_LocalRotation: {x: 0, y: 0, z: 0, w: 1}
  m_LocalPosition: {x: 0, y: 0, z: 0}
  m_LocalScale: {x: 1, y: 1, z: 1}
  m_LocalEulerAnglesHint: {x: 0, y: 0, z: 0}
  m_Children:
  - {fileID: 446706}
  - {fileID: 473328}
  m_Father: {fileID: 451570}
  m_RootOrder: 2
--- !u!4 &407760
Transform:
  m_ObjectHideFlags: 1
  m_PrefabParentObject: {fileID: 0}
  m_PrefabInternal: {fileID: 100100000}
  m_GameObject: {fileID: 112684}
  m_LocalRotation: {x: 0, y: 0, z: 0, w: 1}
  m_LocalPosition: {x: 0, y: 0, z: 0}
  m_LocalScale: {x: 1, y: 1, z: 1}
  m_LocalEulerAnglesHint: {x: 0, y: 0, z: 0}
  m_Children: []
  m_Father: {fileID: 472110}
  m_RootOrder: 0
--- !u!4 &408816
Transform:
  m_ObjectHideFlags: 1
  m_PrefabParentObject: {fileID: 0}
  m_PrefabInternal: {fileID: 100100000}
  m_GameObject: {fileID: 120808}
  m_LocalRotation: {x: 0, y: 0, z: 0, w: 1}
  m_LocalPosition: {x: 0, y: 0, z: 0}
  m_LocalScale: {x: 1, y: 1, z: 1}
  m_LocalEulerAnglesHint: {x: 0, y: 0, z: 0}
  m_Children:
  - {fileID: 486782}
  - {fileID: 487292}
  m_Father: {fileID: 467734}
  m_RootOrder: 0
--- !u!4 &417434
Transform:
  m_ObjectHideFlags: 1
  m_PrefabParentObject: {fileID: 0}
  m_PrefabInternal: {fileID: 100100000}
  m_GameObject: {fileID: 131054}
  m_LocalRotation: {x: 0, y: 0, z: 0, w: 1}
  m_LocalPosition: {x: 0, y: 0, z: 0}
  m_LocalScale: {x: 1, y: 1, z: 1}
  m_LocalEulerAnglesHint: {x: 0, y: 0, z: 0}
  m_Children:
  - {fileID: 460048}
  m_Father: {fileID: 0}
  m_RootOrder: 0
--- !u!4 &418816
Transform:
  m_ObjectHideFlags: 1
  m_PrefabParentObject: {fileID: 0}
  m_PrefabInternal: {fileID: 100100000}
  m_GameObject: {fileID: 152432}
  m_LocalRotation: {x: 0, y: 0, z: 0, w: 1}
  m_LocalPosition: {x: 0, y: 0, z: 0}
  m_LocalScale: {x: 1, y: 1, z: 1}
  m_LocalEulerAnglesHint: {x: 0, y: 0, z: 0}
  m_Children:
  - {fileID: 473536}
  m_Father: {fileID: 402390}
  m_RootOrder: 2
--- !u!4 &441348
Transform:
  m_ObjectHideFlags: 1
  m_PrefabParentObject: {fileID: 0}
  m_PrefabInternal: {fileID: 100100000}
  m_GameObject: {fileID: 105322}
  m_LocalRotation: {x: 0, y: 0, z: 0, w: 1}
  m_LocalPosition: {x: 0, y: 0, z: 0}
  m_LocalScale: {x: 1, y: 1, z: 1}
  m_LocalEulerAnglesHint: {x: 0, y: 0, z: 0}
  m_Children:
  - {fileID: 449448}
  m_Father: {fileID: 402390}
  m_RootOrder: 0
--- !u!4 &446706
Transform:
  m_ObjectHideFlags: 1
  m_PrefabParentObject: {fileID: 0}
  m_PrefabInternal: {fileID: 100100000}
  m_GameObject: {fileID: 190186}
  m_LocalRotation: {x: 0, y: 0, z: 0, w: 1}
  m_LocalPosition: {x: 0, y: 0, z: 0}
  m_LocalScale: {x: 1, y: 1, z: 1}
  m_LocalEulerAnglesHint: {x: 0, y: 0, z: 0}
  m_Children: []
  m_Father: {fileID: 407206}
  m_RootOrder: 0
--- !u!4 &449448
Transform:
  m_ObjectHideFlags: 1
  m_PrefabParentObject: {fileID: 0}
  m_PrefabInternal: {fileID: 100100000}
  m_GameObject: {fileID: 168136}
  m_LocalRotation: {x: 0, y: 0, z: 0, w: 1}
  m_LocalPosition: {x: 0, y: 0, z: 0}
  m_LocalScale: {x: 1, y: 1, z: 1}
  m_LocalEulerAnglesHint: {x: 0, y: 0, z: 0}
  m_Children: []
  m_Father: {fileID: 441348}
  m_RootOrder: 0
--- !u!4 &451570
Transform:
  m_ObjectHideFlags: 1
  m_PrefabParentObject: {fileID: 0}
  m_PrefabInternal: {fileID: 100100000}
  m_GameObject: {fileID: 151758}
  m_LocalRotation: {x: 0, y: 0, z: 0, w: 1}
  m_LocalPosition: {x: 0, y: 0, z: 0}
  m_LocalScale: {x: 1, y: 1, z: 1}
  m_LocalEulerAnglesHint: {x: 0, y: 0, z: 0}
  m_Children:
  - {fileID: 402390}
  - {fileID: 467734}
  - {fileID: 407206}
  - {fileID: 465080}
  m_Father: {fileID: 460048}
  m_RootOrder: 0
--- !u!4 &453884
Transform:
  m_ObjectHideFlags: 1
  m_PrefabParentObject: {fileID: 0}
  m_PrefabInternal: {fileID: 100100000}
  m_GameObject: {fileID: 170742}
  m_LocalRotation: {x: 0, y: 0, z: 0, w: 1}
  m_LocalPosition: {x: 0, y: 0, z: 0}
  m_LocalScale: {x: 1, y: 1, z: 1}
  m_LocalEulerAnglesHint: {x: 0, y: 0, z: 0}
  m_Children: []
  m_Father: {fileID: 469728}
  m_RootOrder: 0
--- !u!4 &460048
Transform:
  m_ObjectHideFlags: 1
  m_PrefabParentObject: {fileID: 0}
  m_PrefabInternal: {fileID: 100100000}
  m_GameObject: {fileID: 182006}
  m_LocalRotation: {x: 0, y: 0, z: 0, w: 1}
  m_LocalPosition: {x: 0, y: 0, z: 0}
  m_LocalScale: {x: 1, y: 1, z: 1}
  m_LocalEulerAnglesHint: {x: 0, y: 0, z: 0}
  m_Children:
  - {fileID: 451570}
  m_Father: {fileID: 417434}
  m_RootOrder: 0
--- !u!4 &463222
Transform:
  m_ObjectHideFlags: 1
  m_PrefabParentObject: {fileID: 0}
  m_PrefabInternal: {fileID: 100100000}
  m_GameObject: {fileID: 165112}
  m_LocalRotation: {x: 0, y: 0, z: 0, w: 1}
  m_LocalPosition: {x: 0, y: 0, z: 0}
  m_LocalScale: {x: 1, y: 1, z: 1}
  m_LocalEulerAnglesHint: {x: 0, y: 0, z: 0}
  m_Children: []
  m_Father: {fileID: 474870}
  m_RootOrder: 1
--- !u!4 &465080
Transform:
  m_ObjectHideFlags: 1
  m_PrefabParentObject: {fileID: 0}
  m_PrefabInternal: {fileID: 100100000}
  m_GameObject: {fileID: 130986}
  m_LocalRotation: {x: 0, y: 0, z: 0, w: 1}
  m_LocalPosition: {x: 0, y: 0, z: 0}
  m_LocalScale: {x: 1, y: 1, z: 1}
  m_LocalEulerAnglesHint: {x: 0, y: 0, z: 0}
  m_Children:
  - {fileID: 472110}
  - {fileID: 469694}
  m_Father: {fileID: 451570}
  m_RootOrder: 3
--- !u!4 &467734
Transform:
  m_ObjectHideFlags: 1
  m_PrefabParentObject: {fileID: 0}
  m_PrefabInternal: {fileID: 100100000}
  m_GameObject: {fileID: 152860}
  m_LocalRotation: {x: 0, y: 0, z: 0, w: 1}
  m_LocalPosition: {x: 0, y: 0, z: 0}
  m_LocalScale: {x: 1, y: 1, z: 1}
  m_LocalEulerAnglesHint: {x: 0, y: 0, z: 0}
  m_Children:
  - {fileID: 408816}
  m_Father: {fileID: 451570}
  m_RootOrder: 1
--- !u!4 &469694
Transform:
  m_ObjectHideFlags: 1
  m_PrefabParentObject: {fileID: 0}
  m_PrefabInternal: {fileID: 100100000}
  m_GameObject: {fileID: 115690}
  m_LocalRotation: {x: 0, y: 0, z: 0, w: 1}
  m_LocalPosition: {x: 0, y: 0, z: 0}
  m_LocalScale: {x: 1, y: 1, z: 1}
  m_LocalEulerAnglesHint: {x: 0, y: 0, z: 0}
  m_Children:
  - {fileID: 499518}
  m_Father: {fileID: 465080}
  m_RootOrder: 1
--- !u!4 &469728
Transform:
  m_ObjectHideFlags: 1
  m_PrefabParentObject: {fileID: 0}
  m_PrefabInternal: {fileID: 100100000}
  m_GameObject: {fileID: 145006}
  m_LocalRotation: {x: 0, y: 0, z: 0, w: 1}
  m_LocalPosition: {x: 0, y: 0, z: 0}
  m_LocalScale: {x: 1, y: 1, z: 1}
  m_LocalEulerAnglesHint: {x: 0, y: 0, z: 0}
  m_Children:
  - {fileID: 453884}
  m_Father: {fileID: 402390}
  m_RootOrder: 1
--- !u!4 &472110
Transform:
  m_ObjectHideFlags: 1
  m_PrefabParentObject: {fileID: 0}
  m_PrefabInternal: {fileID: 100100000}
  m_GameObject: {fileID: 156226}
  m_LocalRotation: {x: 0, y: 0, z: 0, w: 1}
  m_LocalPosition: {x: 0, y: 0, z: 0}
  m_LocalScale: {x: 1, y: 1, z: 1}
  m_LocalEulerAnglesHint: {x: 0, y: 0, z: 0}
  m_Children:
  - {fileID: 407760}
  m_Father: {fileID: 465080}
  m_RootOrder: 0
--- !u!4 &473328
Transform:
  m_ObjectHideFlags: 1
  m_PrefabParentObject: {fileID: 0}
  m_PrefabInternal: {fileID: 100100000}
  m_GameObject: {fileID: 108758}
  m_LocalRotation: {x: 0, y: 0, z: 0, w: 1}
  m_LocalPosition: {x: 0, y: 0, z: 0}
  m_LocalScale: {x: 1, y: 1, z: 1}
  m_LocalEulerAnglesHint: {x: 0, y: 0, z: 0}
  m_Children: []
  m_Father: {fileID: 407206}
  m_RootOrder: 1
--- !u!4 &473536
Transform:
  m_ObjectHideFlags: 1
  m_PrefabParentObject: {fileID: 0}
  m_PrefabInternal: {fileID: 100100000}
  m_GameObject: {fileID: 190682}
  m_LocalRotation: {x: 0, y: 0, z: 0, w: 1}
  m_LocalPosition: {x: 0, y: 0, z: 0}
  m_LocalScale: {x: 1, y: 1, z: 1}
  m_LocalEulerAnglesHint: {x: 0, y: 0, z: 0}
  m_Children: []
  m_Father: {fileID: 418816}
  m_RootOrder: 0
--- !u!4 &474870
Transform:
  m_ObjectHideFlags: 1
  m_PrefabParentObject: {fileID: 0}
  m_PrefabInternal: {fileID: 100100000}
  m_GameObject: {fileID: 172760}
  m_LocalRotation: {x: 0, y: 0, z: 0, w: 1}
  m_LocalPosition: {x: 0, y: 0, z: 0}
  m_LocalScale: {x: 1, y: 1, z: 1}
  m_LocalEulerAnglesHint: {x: 0, y: 0, z: 0}
  m_Children:
  - {fileID: 485590}
  - {fileID: 463222}
  m_Father: {fileID: 402390}
  m_RootOrder: 3
--- !u!4 &485590
Transform:
  m_ObjectHideFlags: 1
  m_PrefabParentObject: {fileID: 0}
  m_PrefabInternal: {fileID: 100100000}
  m_GameObject: {fileID: 155498}
  m_LocalRotation: {x: 0, y: 0, z: 0, w: 1}
  m_LocalPosition: {x: 0, y: 0, z: 0}
  m_LocalScale: {x: 1, y: 1, z: 1}
  m_LocalEulerAnglesHint: {x: 0, y: 0, z: 0}
  m_Children: []
  m_Father: {fileID: 474870}
  m_RootOrder: 0
--- !u!4 &486782
Transform:
  m_ObjectHideFlags: 1
  m_PrefabParentObject: {fileID: 0}
  m_PrefabInternal: {fileID: 100100000}
  m_GameObject: {fileID: 136798}
  m_LocalRotation: {x: 0, y: 0, z: 0, w: 1}
  m_LocalPosition: {x: 0, y: 0, z: 0}
  m_LocalScale: {x: 1, y: 1, z: 1}
  m_LocalEulerAnglesHint: {x: 0, y: 0, z: 0}
  m_Children: []
  m_Father: {fileID: 408816}
  m_RootOrder: 0
--- !u!4 &487292
Transform:
  m_ObjectHideFlags: 1
  m_PrefabParentObject: {fileID: 0}
  m_PrefabInternal: {fileID: 100100000}
  m_GameObject: {fileID: 154022}
  m_LocalRotation: {x: 0, y: 0, z: 0, w: 1}
  m_LocalPosition: {x: 0, y: 0, z: 0}
  m_LocalScale: {x: 1, y: 1, z: 1}
  m_LocalEulerAnglesHint: {x: 0, y: 0, z: 0}
  m_Children: []
  m_Father: {fileID: 408816}
  m_RootOrder: 1
--- !u!4 &499518
Transform:
  m_ObjectHideFlags: 1
  m_PrefabParentObject: {fileID: 0}
  m_PrefabInternal: {fileID: 100100000}
  m_GameObject: {fileID: 176910}
  m_LocalRotation: {x: 0, y: 0, z: 0, w: 1}
  m_LocalPosition: {x: 0, y: 0, z: 0}
  m_LocalScale: {x: 1, y: 1, z: 1}
  m_LocalEulerAnglesHint: {x: 0, y: 0, z: 0}
  m_Children: []
  m_Father: {fileID: 469694}
  m_RootOrder: 0
--- !u!114 &11403786
MonoBehaviour:
  m_ObjectHideFlags: 1
  m_PrefabParentObject: {fileID: 0}
  m_PrefabInternal: {fileID: 100100000}
  m_GameObject: {fileID: 172760}
  m_Enabled: 1
  m_EditorHideFlags: 0
  m_Script: {fileID: 11500000, guid: 92af80c84f4b742648b77bcdc7a5f26c, type: 3}
  m_Name: 
  m_EditorClassIdentifier: 
  _id: 3
  _timeline: {fileID: 11424338}
  _evtTypeStr: Flux.FCallFunctionEvent
  _events:
  - {fileID: 11446786}
  - {fileID: 11443914}
  _alwaysUseCache: 0
  _cacheMode: 0
--- !u!114 &11404934
MonoBehaviour:
  m_ObjectHideFlags: 1
  m_PrefabParentObject: {fileID: 0}
  m_PrefabInternal: {fileID: 100100000}
  m_GameObject: {fileID: 152860}
  m_Enabled: 1
  m_EditorHideFlags: 0
  m_Script: {fileID: 11500000, guid: 868ccc3db58364b6aa96d960ce8dc94a, type: 3}
  m_Name: 
  m_EditorClassIdentifier: 
  _id: 1
  _container: {fileID: 11456766}
  _owner: {fileID: 0}
  _ownerPath: /Giving Up/Canvas/Image
  _tracks:
  - {fileID: 11468184}
--- !u!114 &11416280
MonoBehaviour:
  m_ObjectHideFlags: 1
  m_PrefabParentObject: {fileID: 0}
  m_PrefabInternal: {fileID: 100100000}
  m_GameObject: {fileID: 176910}
  m_Enabled: 1
  m_EditorHideFlags: 0
  m_Script: {fileID: 11500000, guid: 16f96bf32632d22459d0ac81b90e9562, type: 3}
  m_Name: 
  m_EditorClassIdentifier: 
  _id: 0
  _track: {fileID: 11424474}
  _triggerOnSkip: 1
  _frameRange:
    _start: 47
    _end: 61
  AnimationName: Idle
  layer: -1
  RandomStart: 0
  Crossfade: 1
  CrossFadeTime: 0.25
--- !u!114 &11422764
MonoBehaviour:
  m_ObjectHideFlags: 1
  m_PrefabParentObject: {fileID: 0}
  m_PrefabInternal: {fileID: 100100000}
  m_GameObject: {fileID: 170742}
  m_Enabled: 1
  m_EditorHideFlags: 0
  m_Script: {fileID: 11500000, guid: 8f0f3e7ec82fc3346af9b71c283f8cf1, type: 3}
  m_Name: 
  m_EditorClassIdentifier: 
  _id: 0
  _track: {fileID: 11435792}
  _triggerOnSkip: 1
  _frameRange:
    _start: 119
    _end: 124
  PauseSequence: 0
--- !u!114 &11424338
MonoBehaviour:
  m_ObjectHideFlags: 1
  m_PrefabParentObject: {fileID: 0}
  m_PrefabInternal: {fileID: 100100000}
  m_GameObject: {fileID: 145948}
  m_Enabled: 1
  m_EditorHideFlags: 0
  m_Script: {fileID: 11500000, guid: 868ccc3db58364b6aa96d960ce8dc94a, type: 3}
  m_Name: 
  m_EditorClassIdentifier: 
  _id: 0
  _container: {fileID: 11456766}
  _owner: {fileID: 417434}
  _ownerPath: /Giving Up Sequence
  _tracks:
  - {fileID: 11459364}
  - {fileID: 11435792}
  - {fileID: 11485566}
  - {fileID: 11403786}
--- !u!114 &11424474
MonoBehaviour:
  m_ObjectHideFlags: 1
  m_PrefabParentObject: {fileID: 0}
  m_PrefabInternal: {fileID: 100100000}
  m_GameObject: {fileID: 115690}
  m_Enabled: 1
  m_EditorHideFlags: 0
  m_Script: {fileID: 11500000, guid: 92af80c84f4b742648b77bcdc7a5f26c, type: 3}
  m_Name: 
  m_EditorClassIdentifier: 
  _id: 1
  _timeline: {fileID: 11454962}
  _evtTypeStr: Flux.PlayAnimation
  _events:
  - {fileID: 11416280}
  _alwaysUseCache: 0
  _cacheMode: 0
--- !u!114 &11431696
MonoBehaviour:
  m_ObjectHideFlags: 1
  m_PrefabParentObject: {fileID: 0}
  m_PrefabInternal: {fileID: 100100000}
  m_GameObject: {fileID: 131054}
  m_Enabled: 1
  m_EditorHideFlags: 0
  m_Script: {fileID: 11500000, guid: 61ea4d84209604c6785a01ab2786d0f9, type: 3}
  m_Name: 
  m_EditorClassIdentifier: 
  _id: -1
  _content: {fileID: 460048}
  _containers:
  - {fileID: 11456766}
  _version: 200
  _playOnStart: 0
  _loop: 0
  _defaultSpeed: 1
  _updateMode: 0
  _length: 260
  _onFinishedCallback:
    m_PersistentCalls:
      m_Calls: []
    m_TypeName: Flux.SequenceFinishedEvent, Assembly-CSharp, Version=0.0.0.0, Culture=neutral,
      PublicKeyToken=null
  _frameRate: 60
  _inverseFrameRate: 0.016666668
--- !u!114 &11432706
MonoBehaviour:
  m_ObjectHideFlags: 1
  m_PrefabParentObject: {fileID: 0}
  m_PrefabInternal: {fileID: 100100000}
  m_GameObject: {fileID: 190682}
  m_Enabled: 1
  m_EditorHideFlags: 0
  m_Script: {fileID: 11500000, guid: 3c1c0c399195c4fff9058f8900e24768, type: 3}
  m_Name: 
  m_EditorClassIdentifier: 
  _id: 0
  _track: {fileID: 11485566}
  _triggerOnSkip: 1
  _frameRange:
    _start: 187
    _end: 191
--- !u!114 &11433148
MonoBehaviour:
  m_ObjectHideFlags: 1
  m_PrefabParentObject: {fileID: 0}
  m_PrefabInternal: {fileID: 100100000}
  m_GameObject: {fileID: 168136}
  m_Enabled: 1
  m_EditorHideFlags: 0
  m_Script: {fileID: 11500000, guid: 9703e949f83f796449ad9ed10f1efded, type: 3}
  m_Name: 
  m_EditorClassIdentifier: 
  _id: 0
  _track: {fileID: 11459364}
  _triggerOnSkip: 1
  _frameRange:
    _start: 64
    _end: 80
  DialogueName: CH3_Giving_up
  PauseSequence: 1
--- !u!114 &11433742
MonoBehaviour:
  m_ObjectHideFlags: 1
  m_PrefabParentObject: {fileID: 0}
  m_PrefabInternal: {fileID: 100100000}
  m_GameObject: {fileID: 154022}
  m_Enabled: 1
  m_EditorHideFlags: 0
  m_Script: {fileID: 11500000, guid: e4827dd1599d94c2ba480f063fdfa6ec, type: 3}
  m_Name: 
  m_EditorClassIdentifier: 
  _id: 1
  _track: {fileID: 11468184}
  _triggerOnSkip: 1
  _frameRange:
    _start: 195
    _end: 210
  _tween:
    _easingType: 0
    _from: {r: 0, g: 0, b: 0, a: 0}
    _to: {r: 0, g: 0, b: 0, a: 1}
  _className: UnityEngine.UI.Image
  _variableName: color
--- !u!114 &11435792
MonoBehaviour:
  m_ObjectHideFlags: 1
  m_PrefabParentObject: {fileID: 0}
  m_PrefabInternal: {fileID: 100100000}
  m_GameObject: {fileID: 145006}
  m_Enabled: 1
  m_EditorHideFlags: 0
  m_Script: {fileID: 11500000, guid: 92af80c84f4b742648b77bcdc7a5f26c, type: 3}
  m_Name: 
  m_EditorClassIdentifier: 
  _id: 1
  _timeline: {fileID: 11424338}
  _evtTypeStr: Flux.ResumeSequenceDialogue
  _events:
  - {fileID: 11422764}
  _alwaysUseCache: 0
  _cacheMode: 0
--- !u!114 &11443914
MonoBehaviour:
  m_ObjectHideFlags: 1
  m_PrefabParentObject: {fileID: 0}
  m_PrefabInternal: {fileID: 100100000}
  m_GameObject: {fileID: 165112}
  m_Enabled: 1
  m_EditorHideFlags: 0
  m_Script: {fileID: 11500000, guid: 4feb263abf4ec4393958694a519f6d87, type: 3}
  m_Name: 
  m_EditorClassIdentifier: 
  _id: 1
  _track: {fileID: 11403786}
  _triggerOnSkip: 0
  _frameRange:
    _start: 219
    _end: 256
  _callOnlyOnTrigger: 1
  _className: DestroySequenceFlux
  _methodName: FireEvent
--- !u!114 &11446786
MonoBehaviour:
  m_ObjectHideFlags: 1
  m_PrefabParentObject: {fileID: 0}
  m_PrefabInternal: {fileID: 100100000}
  m_GameObject: {fileID: 155498}
  m_Enabled: 1
  m_EditorHideFlags: 0
  m_Script: {fileID: 11500000, guid: 4feb263abf4ec4393958694a519f6d87, type: 3}
  m_Name: 
  m_EditorClassIdentifier: 
  _id: 0
  _track: {fileID: 11403786}
  _triggerOnSkip: 0
  _frameRange:
    _start: 210
    _end: 219
  _callOnlyOnTrigger: 1
  _className: StartCutSceneFlux
  _methodName: FireEvent
--- !u!114 &11448090
MonoBehaviour:
  m_ObjectHideFlags: 1
  m_PrefabParentObject: {fileID: 0}
  m_PrefabInternal: {fileID: 100100000}
  m_GameObject: {fileID: 190186}
  m_Enabled: 1
  m_EditorHideFlags: 0
  m_Script: {fileID: 11500000, guid: 92af80c84f4b742648b77bcdc7a5f26c, type: 3}
  m_Name: 
  m_EditorClassIdentifier: 
  _id: 0
  _timeline: {fileID: 11495266}
  _evtTypeStr: Flux.FCharacterMove
  _events: []
  _alwaysUseCache: 0
  _cacheMode: 0
--- !u!114 &11454962
MonoBehaviour:
  m_ObjectHideFlags: 1
  m_PrefabParentObject: {fileID: 0}
  m_PrefabInternal: {fileID: 100100000}
  m_GameObject: {fileID: 130986}
  m_Enabled: 1
  m_EditorHideFlags: 0
  m_Script: {fileID: 11500000, guid: 868ccc3db58364b6aa96d960ce8dc94a, type: 3}
  m_Name: 
  m_EditorClassIdentifier: 
  _id: 3
  _container: {fileID: 11456766}
  _owner: {fileID: 0}
  _ownerPath: /Giving Up/Kael
  _tracks:
  - {fileID: 11468912}
  - {fileID: 11424474}
--- !u!114 &11456766
MonoBehaviour:
  m_ObjectHideFlags: 1
  m_PrefabParentObject: {fileID: 0}
  m_PrefabInternal: {fileID: 100100000}
  m_GameObject: {fileID: 151758}
  m_Enabled: 1
  m_EditorHideFlags: 0
  m_Script: {fileID: 11500000, guid: 6c190ac7427b84f9dba9f95b04e8af4a, type: 3}
  m_Name: 
  m_EditorClassIdentifier: 
  _id: 0
  _sequence: {fileID: 11431696}
  _color: {r: 0.14, g: 0.14, b: 0.14, a: 0.7}
  _timelines:
  - {fileID: 11424338}
  - {fileID: 11404934}
  - {fileID: 11495266}
  - {fileID: 11454962}
--- !u!114 &11458758
MonoBehaviour:
  m_ObjectHideFlags: 1
  m_PrefabParentObject: {fileID: 0}
  m_PrefabInternal: {fileID: 100100000}
  m_GameObject: {fileID: 112684}
  m_Enabled: 1
  m_EditorHideFlags: 0
  m_Script: {fileID: 11500000, guid: 2582124595246a44b91aebed31a8889f, type: 3}
  m_Name: 
  m_EditorClassIdentifier: 
  _id: 0
  _track: {fileID: 11468912}
  _triggerOnSkip: 1
  _frameRange:
    _start: 76
    _end: 90
  TargetPosition: {x: 1.38, y: 2}
  Speed: 2.5
  DistanceStop: -1
  IsLookForward: 1
  OnStartAnimation: Walk
  OnStartAnimationCrossfade: 1
  OnEndAnimation: Idle
  OnEndAnimationCrossfade: 1
  AnimationCrossFadeTime: 0.2
--- !u!114 &11459364
MonoBehaviour:
  m_ObjectHideFlags: 1
  m_PrefabParentObject: {fileID: 0}
  m_PrefabInternal: {fileID: 100100000}
  m_GameObject: {fileID: 105322}
  m_Enabled: 1
  m_EditorHideFlags: 0
  m_Script: {fileID: 11500000, guid: 92af80c84f4b742648b77bcdc7a5f26c, type: 3}
  m_Name: 
  m_EditorClassIdentifier: 
  _id: 0
  _timeline: {fileID: 11424338}
  _evtTypeStr: Flux.StartDialogue
  _events:
  - {fileID: 11433148}
  _alwaysUseCache: 0
  _cacheMode: 0
--- !u!114 &11468184
MonoBehaviour:
  m_ObjectHideFlags: 1
  m_PrefabParentObject: {fileID: 0}
  m_PrefabInternal: {fileID: 100100000}
  m_GameObject: {fileID: 120808}
  m_Enabled: 1
  m_EditorHideFlags: 0
  m_Script: {fileID: 11500000, guid: 92af80c84f4b742648b77bcdc7a5f26c, type: 3}
  m_Name: 
  m_EditorClassIdentifier: 
  _id: 0
  _timeline: {fileID: 11404934}
  _evtTypeStr: Flux.FTweenColorEvent
  _events:
  - {fileID: 11480782}
  - {fileID: 11433742}
  _alwaysUseCache: 0
  _cacheMode: 0
--- !u!114 &11468912
MonoBehaviour:
  m_ObjectHideFlags: 1
  m_PrefabParentObject: {fileID: 0}
  m_PrefabInternal: {fileID: 100100000}
  m_GameObject: {fileID: 156226}
  m_Enabled: 1
  m_EditorHideFlags: 0
  m_Script: {fileID: 11500000, guid: 92af80c84f4b742648b77bcdc7a5f26c, type: 3}
  m_Name: 
  m_EditorClassIdentifier: 
  _id: 0
  _timeline: {fileID: 11454962}
  _evtTypeStr: Flux.FCharacterMove
  _events:
  - {fileID: 11458758}
  _alwaysUseCache: 0
  _cacheMode: 0
--- !u!114 &11470140
MonoBehaviour:
  m_ObjectHideFlags: 1
  m_PrefabParentObject: {fileID: 0}
  m_PrefabInternal: {fileID: 100100000}
  m_GameObject: {fileID: 131054}
  m_Enabled: 1
  m_EditorHideFlags: 0
  m_Script: {fileID: 11500000, guid: a4a49686e8bd9434b904f7d963b0fbb5, type: 3}
  m_Name: 
  m_EditorClassIdentifier: 
--- !u!114 &11471030
MonoBehaviour:
  m_ObjectHideFlags: 1
  m_PrefabParentObject: {fileID: 0}
  m_PrefabInternal: {fileID: 100100000}
  m_GameObject: {fileID: 131054}
  m_Enabled: 1
  m_EditorHideFlags: 0
  m_Script: {fileID: 11500000, guid: 7bcd443d0af6b0946959d5b5b44a2239, type: 3}
  m_Name: 
  m_EditorClassIdentifier: 
  SceneName: Chapter 3/29 Lost Interest/Lost Interest
--- !u!114 &11480782
MonoBehaviour:
  m_ObjectHideFlags: 1
  m_PrefabParentObject: {fileID: 0}
  m_PrefabInternal: {fileID: 100100000}
  m_GameObject: {fileID: 136798}
  m_Enabled: 1
  m_EditorHideFlags: 0
  m_Script: {fileID: 11500000, guid: e4827dd1599d94c2ba480f063fdfa6ec, type: 3}
  m_Name: 
  m_EditorClassIdentifier: 
  _id: 0
  _track: {fileID: 11468184}
  _triggerOnSkip: 1
  _frameRange:
    _start: 0
    _end: 15
  _tween:
    _easingType: 0
    _from: {r: 0, g: 0, b: 0, a: 1}
    _to: {r: 0, g: 0, b: 0, a: 0}
  _className: UnityEngine.UI.Image
  _variableName: color
--- !u!114 &11485566
MonoBehaviour:
  m_ObjectHideFlags: 1
  m_PrefabParentObject: {fileID: 0}
  m_PrefabInternal: {fileID: 100100000}
  m_GameObject: {fileID: 152432}
  m_Enabled: 1
  m_EditorHideFlags: 0
  m_Script: {fileID: 11500000, guid: 92af80c84f4b742648b77bcdc7a5f26c, type: 3}
  m_Name: 
  m_EditorClassIdentifier: 
  _id: 2
  _timeline: {fileID: 11424338}
  _evtTypeStr: Flux.FPauseSequenceEvent
  _events:
  - {fileID: 11432706}
  _alwaysUseCache: 0
  _cacheMode: 0
--- !u!114 &11491860
MonoBehaviour:
  m_ObjectHideFlags: 1
  m_PrefabParentObject: {fileID: 0}
  m_PrefabInternal: {fileID: 100100000}
  m_GameObject: {fileID: 108758}
  m_Enabled: 1
  m_EditorHideFlags: 0
  m_Script: {fileID: 11500000, guid: 92af80c84f4b742648b77bcdc7a5f26c, type: 3}
  m_Name: 
  m_EditorClassIdentifier: 
  _id: 1
  _timeline: {fileID: 11495266}
  _evtTypeStr: Flux.PlayAnimation
  _events: []
  _alwaysUseCache: 0
  _cacheMode: 0
--- !u!114 &11495266
MonoBehaviour:
  m_ObjectHideFlags: 1
  m_PrefabParentObject: {fileID: 0}
  m_PrefabInternal: {fileID: 100100000}
  m_GameObject: {fileID: 108108}
  m_Enabled: 1
  m_EditorHideFlags: 0
  m_Script: {fileID: 11500000, guid: 868ccc3db58364b6aa96d960ce8dc94a, type: 3}
  m_Name: 
  m_EditorClassIdentifier: 
  _id: 2
  _container: {fileID: 11456766}
  _owner: {fileID: 0}
  _ownerPath: /Giving Up/Finn
  _tracks:
  - {fileID: 11448090}
  - {fileID: 11491860}
--- !u!1001 &100100000
Prefab:
  m_ObjectHideFlags: 1
  serializedVersion: 2
  m_Modification:
    m_TransformParent: {fileID: 0}
    m_Modifications: []
    m_RemovedComponents: []
  m_ParentPrefab: {fileID: 0}
  m_RootGameObject: {fileID: 131054}
  m_IsPrefabParent: 1
