%YAML 1.1
%TAG !u! tag:unity3d.com,2011:
--- !u!1 &108322
GameObject:
  m_ObjectHideFlags: 1
  m_PrefabParentObject: {fileID: 0}
  m_PrefabInternal: {fileID: 100100000}
  serializedVersion: 4
  m_Component:
  - 4: {fileID: 441852}
  - 114: {fileID: 11482736}
  m_Layer: 0
  m_Name: Default
  m_TagString: Untagged
  m_Icon: {fileID: 0}
  m_NavMeshLayer: 0
  m_StaticEditorFlags: 0
  m_IsActive: 1
--- !u!1 &112856
GameObject:
  m_ObjectHideFlags: 1
  m_PrefabParentObject: {fileID: 0}
  m_PrefabInternal: {fileID: 100100000}
  serializedVersion: 4
  m_Component:
  - 4: {fileID: 442556}
  - 114: {fileID: 11444758}
  m_Layer: 0
  m_Name: ScreenFader
  m_TagString: Untagged
  m_Icon: {fileID: 0}
  m_NavMeshLayer: 0
  m_StaticEditorFlags: 0
  m_IsActive: 1
--- !u!1 &115184
GameObject:
  m_ObjectHideFlags: 1
  m_PrefabParentObject: {fileID: 0}
  m_PrefabInternal: {fileID: 100100000}
  serializedVersion: 4
  m_Component:
  - 4: {fileID: 481140}
  - 114: {fileID: 11448932}
  m_Layer: 0
  m_Name: Teleport
  m_TagString: Untagged
  m_Icon: {fileID: 0}
  m_NavMeshLayer: 0
  m_StaticEditorFlags: 0
  m_IsActive: 1
--- !u!1 &121896
GameObject:
  m_ObjectHideFlags: 1
  m_PrefabParentObject: {fileID: 0}
  m_PrefabInternal: {fileID: 100100000}
  serializedVersion: 4
  m_Component:
  - 4: {fileID: 448404}
  - 114: {fileID: 11462308}
  m_Layer: 0
  m_Name: Flux.StartDialogue
  m_TagString: Untagged
  m_Icon: {fileID: 0}
  m_NavMeshLayer: 0
  m_StaticEditorFlags: 0
  m_IsActive: 1
--- !u!1 &132022
GameObject:
  m_ObjectHideFlags: 1
  m_PrefabParentObject: {fileID: 0}
  m_PrefabInternal: {fileID: 100100000}
  serializedVersion: 4
  m_Component:
  - 4: {fileID: 493414}
  - 114: {fileID: 11404610}
  m_Layer: 0
  m_Name: Altea Throne 1 Sequence
  m_TagString: Untagged
  m_Icon: {fileID: 0}
  m_NavMeshLayer: 0
  m_StaticEditorFlags: 0
  m_IsActive: 1
--- !u!1 &142726
GameObject:
  m_ObjectHideFlags: 1
  m_PrefabParentObject: {fileID: 0}
  m_PrefabInternal: {fileID: 100100000}
  serializedVersion: 4
  m_Component:
  - 4: {fileID: 452428}
  - 114: {fileID: 11410586}
  m_Layer: 0
  m_Name: Flux.FCallFunctionEvent
  m_TagString: Untagged
  m_Icon: {fileID: 0}
  m_NavMeshLayer: 0
  m_StaticEditorFlags: 0
  m_IsActive: 1
--- !u!1 &143632
GameObject:
  m_ObjectHideFlags: 0
  m_PrefabParentObject: {fileID: 0}
  m_PrefabInternal: {fileID: 100100000}
  serializedVersion: 4
  m_Component:
  - 4: {fileID: 464826}
  m_Layer: 0
  m_Name: SequenceContent
  m_TagString: Untagged
  m_Icon: {fileID: 0}
  m_NavMeshLayer: 0
  m_StaticEditorFlags: 0
  m_IsActive: 1
--- !u!1 &149748
GameObject:
  m_ObjectHideFlags: 1
  m_PrefabParentObject: {fileID: 0}
  m_PrefabInternal: {fileID: 100100000}
  serializedVersion: 4
  m_Component:
  - 4: {fileID: 496020}
  - 114: {fileID: 11415928}
  m_Layer: 0
  m_Name: Tween Color
  m_TagString: Untagged
  m_Icon: {fileID: 0}
  m_NavMeshLayer: 0
  m_StaticEditorFlags: 0
  m_IsActive: 1
--- !u!1 &151616
GameObject:
  m_ObjectHideFlags: 1
  m_PrefabParentObject: {fileID: 0}
  m_PrefabInternal: {fileID: 100100000}
  serializedVersion: 4
  m_Component:
  - 4: {fileID: 488612}
  - 114: {fileID: 11448510}
  m_Layer: 0
  m_Name: Flux.FTeleport
  m_TagString: Untagged
  m_Icon: {fileID: 0}
  m_NavMeshLayer: 0
  m_StaticEditorFlags: 0
  m_IsActive: 1
--- !u!1 &163212
GameObject:
  m_ObjectHideFlags: 1
  m_PrefabParentObject: {fileID: 0}
  m_PrefabInternal: {fileID: 100100000}
  serializedVersion: 4
  m_Component:
  - 4: {fileID: 440460}
  - 114: {fileID: 11466694}
  m_Layer: 0
  m_Name: Flux.FTweenColorEvent
  m_TagString: Untagged
  m_Icon: {fileID: 0}
  m_NavMeshLayer: 0
  m_StaticEditorFlags: 0
  m_IsActive: 1
--- !u!1 &164636
GameObject:
  m_ObjectHideFlags: 1
  m_PrefabParentObject: {fileID: 0}
  m_PrefabInternal: {fileID: 100100000}
  serializedVersion: 4
  m_Component:
  - 4: {fileID: 480140}
  - 114: {fileID: 11437248}
  m_Layer: 0
  m_Name: Call Function
  m_TagString: Untagged
  m_Icon: {fileID: 0}
  m_NavMeshLayer: 0
  m_StaticEditorFlags: 0
  m_IsActive: 1
--- !u!1 &165294
GameObject:
  m_ObjectHideFlags: 0
  m_PrefabParentObject: {fileID: 0}
  m_PrefabInternal: {fileID: 100100000}
  serializedVersion: 4
  m_Component:
  - 4: {fileID: 403630}
  - 114: {fileID: 11442002}
  - 114: {fileID: 11402152}
  - 114: {fileID: 11447622}
  m_Layer: 0
  m_Name: Altea Throne 1 Sequence
  m_TagString: Untagged
  m_Icon: {fileID: 0}
  m_NavMeshLayer: 0
  m_StaticEditorFlags: 0
  m_IsActive: 1
--- !u!1 &178632
GameObject:
  m_ObjectHideFlags: 1
  m_PrefabParentObject: {fileID: 0}
  m_PrefabInternal: {fileID: 100100000}
  serializedVersion: 4
  m_Component:
  - 4: {fileID: 471806}
  - 114: {fileID: 11481838}
  m_Layer: 0
  m_Name: Flux.FCallFunctionEvent
  m_TagString: Untagged
  m_Icon: {fileID: 0}
  m_NavMeshLayer: 0
  m_StaticEditorFlags: 0
  m_IsActive: 1
--- !u!1 &188632
GameObject:
  m_ObjectHideFlags: 1
  m_PrefabParentObject: {fileID: 0}
  m_PrefabInternal: {fileID: 100100000}
  serializedVersion: 4
  m_Component:
  - 4: {fileID: 476334}
  - 114: {fileID: 11440336}
  m_Layer: 0
  m_Name: Start Dialogue
  m_TagString: Untagged
  m_Icon: {fileID: 0}
  m_NavMeshLayer: 0
  m_StaticEditorFlags: 0
  m_IsActive: 1
--- !u!4 &403630
Transform:
  m_ObjectHideFlags: 1
  m_PrefabParentObject: {fileID: 0}
  m_PrefabInternal: {fileID: 100100000}
  m_GameObject: {fileID: 165294}
  m_LocalRotation: {x: 0, y: 0, z: 0, w: 1}
  m_LocalPosition: {x: 0, y: 0, z: 0}
  m_LocalScale: {x: 1, y: 1, z: 1}
  m_LocalEulerAnglesHint: {x: 0, y: 0, z: 0}
  m_Children:
  - {fileID: 464826}
  m_Father: {fileID: 0}
  m_RootOrder: 0
--- !u!4 &440460
Transform:
  m_ObjectHideFlags: 1
  m_PrefabParentObject: {fileID: 0}
  m_PrefabInternal: {fileID: 100100000}
  m_GameObject: {fileID: 163212}
  m_LocalRotation: {x: 0, y: 0, z: 0, w: 1}
  m_LocalPosition: {x: 0, y: 0, z: 0}
  m_LocalScale: {x: 1, y: 1, z: 1}
  m_LocalEulerAnglesHint: {x: 0, y: 0, z: 0}
  m_Children: []
  m_Father: {fileID: 496020}
  m_RootOrder: 0
--- !u!4 &441852
Transform:
  m_ObjectHideFlags: 1
  m_PrefabParentObject: {fileID: 0}
  m_PrefabInternal: {fileID: 100100000}
  m_GameObject: {fileID: 108322}
  m_LocalRotation: {x: 0, y: 0, z: 0, w: 1}
  m_LocalPosition: {x: 0, y: 0, z: 0}
  m_LocalScale: {x: 1, y: 1, z: 1}
  m_LocalEulerAnglesHint: {x: 0, y: 0, z: 0}
  m_Children:
  - {fileID: 493414}
  - {fileID: 442556}
  m_Father: {fileID: 464826}
  m_RootOrder: 0
--- !u!4 &442556
Transform:
  m_ObjectHideFlags: 1
  m_PrefabParentObject: {fileID: 0}
  m_PrefabInternal: {fileID: 100100000}
  m_GameObject: {fileID: 112856}
  m_LocalRotation: {x: 0, y: 0, z: 0, w: 1}
  m_LocalPosition: {x: 0, y: 0, z: 0}
  m_LocalScale: {x: 1, y: 1, z: 1}
  m_LocalEulerAnglesHint: {x: 0, y: 0, z: 0}
  m_Children:
  - {fileID: 496020}
  m_Father: {fileID: 441852}
  m_RootOrder: 1
--- !u!4 &448404
Transform:
  m_ObjectHideFlags: 1
  m_PrefabParentObject: {fileID: 0}
  m_PrefabInternal: {fileID: 100100000}
  m_GameObject: {fileID: 121896}
  m_LocalRotation: {x: 0, y: 0, z: 0, w: 1}
  m_LocalPosition: {x: 0, y: 0, z: 0}
  m_LocalScale: {x: 1, y: 1, z: 1}
  m_LocalEulerAnglesHint: {x: 0, y: 0, z: 0}
  m_Children: []
  m_Father: {fileID: 476334}
  m_RootOrder: 0
--- !u!4 &452428
Transform:
  m_ObjectHideFlags: 1
  m_PrefabParentObject: {fileID: 0}
  m_PrefabInternal: {fileID: 100100000}
  m_GameObject: {fileID: 142726}
  m_LocalRotation: {x: 0, y: 0, z: 0, w: 1}
  m_LocalPosition: {x: 0, y: 0, z: 0}
  m_LocalScale: {x: 1, y: 1, z: 1}
  m_LocalEulerAnglesHint: {x: 0, y: 0, z: 0}
  m_Children: []
  m_Father: {fileID: 480140}
  m_RootOrder: 0
--- !u!4 &464826
Transform:
  m_ObjectHideFlags: 1
  m_PrefabParentObject: {fileID: 0}
  m_PrefabInternal: {fileID: 100100000}
  m_GameObject: {fileID: 143632}
  m_LocalRotation: {x: 0, y: 0, z: 0, w: 1}
  m_LocalPosition: {x: 0, y: 0, z: 0}
  m_LocalScale: {x: 1, y: 1, z: 1}
  m_LocalEulerAnglesHint: {x: 0, y: 0, z: 0}
  m_Children:
  - {fileID: 441852}
  m_Father: {fileID: 403630}
  m_RootOrder: 0
--- !u!4 &471806
Transform:
  m_ObjectHideFlags: 1
  m_PrefabParentObject: {fileID: 0}
  m_PrefabInternal: {fileID: 100100000}
  m_GameObject: {fileID: 178632}
  m_LocalRotation: {x: 0, y: 0, z: 0, w: 1}
  m_LocalPosition: {x: 0, y: 0, z: 0}
  m_LocalScale: {x: 1, y: 1, z: 1}
  m_LocalEulerAnglesHint: {x: 0, y: 0, z: 0}
  m_Children: []
  m_Father: {fileID: 480140}
  m_RootOrder: 1
--- !u!4 &476334
Transform:
  m_ObjectHideFlags: 1
  m_PrefabParentObject: {fileID: 0}
  m_PrefabInternal: {fileID: 100100000}
  m_GameObject: {fileID: 188632}
  m_LocalRotation: {x: 0, y: 0, z: 0, w: 1}
  m_LocalPosition: {x: 0, y: 0, z: 0}
  m_LocalScale: {x: 1, y: 1, z: 1}
  m_LocalEulerAnglesHint: {x: 0, y: 0, z: 0}
  m_Children:
  - {fileID: 448404}
  m_Father: {fileID: 493414}
  m_RootOrder: 0
--- !u!4 &480140
Transform:
  m_ObjectHideFlags: 1
  m_PrefabParentObject: {fileID: 0}
  m_PrefabInternal: {fileID: 100100000}
  m_GameObject: {fileID: 164636}
  m_LocalRotation: {x: 0, y: 0, z: 0, w: 1}
  m_LocalPosition: {x: 0, y: 0, z: 0}
  m_LocalScale: {x: 1, y: 1, z: 1}
  m_LocalEulerAnglesHint: {x: 0, y: 0, z: 0}
  m_Children:
  - {fileID: 452428}
  - {fileID: 471806}
  m_Father: {fileID: 493414}
  m_RootOrder: 1
--- !u!4 &481140
Transform:
  m_ObjectHideFlags: 1
  m_PrefabParentObject: {fileID: 0}
  m_PrefabInternal: {fileID: 100100000}
  m_GameObject: {fileID: 115184}
  m_LocalRotation: {x: 0, y: 0, z: 0, w: 1}
  m_LocalPosition: {x: 0, y: 0, z: 0}
  m_LocalScale: {x: 1, y: 1, z: 1}
  m_LocalEulerAnglesHint: {x: 0, y: 0, z: 0}
  m_Children:
  - {fileID: 488612}
  m_Father: {fileID: 493414}
  m_RootOrder: 2
--- !u!4 &488612
Transform:
  m_ObjectHideFlags: 1
  m_PrefabParentObject: {fileID: 0}
  m_PrefabInternal: {fileID: 100100000}
  m_GameObject: {fileID: 151616}
  m_LocalRotation: {x: 0, y: 0, z: 0, w: 1}
  m_LocalPosition: {x: 0, y: 0, z: 0}
  m_LocalScale: {x: 1, y: 1, z: 1}
  m_LocalEulerAnglesHint: {x: 0, y: 0, z: 0}
  m_Children: []
  m_Father: {fileID: 481140}
  m_RootOrder: 0
--- !u!4 &493414
Transform:
  m_ObjectHideFlags: 1
  m_PrefabParentObject: {fileID: 0}
  m_PrefabInternal: {fileID: 100100000}
  m_GameObject: {fileID: 132022}
  m_LocalRotation: {x: 0, y: 0, z: 0, w: 1}
  m_LocalPosition: {x: 0, y: 0, z: 0}
  m_LocalScale: {x: 1, y: 1, z: 1}
  m_LocalEulerAnglesHint: {x: 0, y: 0, z: 0}
  m_Children:
  - {fileID: 476334}
  - {fileID: 480140}
  - {fileID: 481140}
  m_Father: {fileID: 441852}
  m_RootOrder: 0
--- !u!4 &496020
Transform:
  m_ObjectHideFlags: 1
  m_PrefabParentObject: {fileID: 0}
  m_PrefabInternal: {fileID: 100100000}
  m_GameObject: {fileID: 149748}
  m_LocalRotation: {x: 0, y: 0, z: 0, w: 1}
  m_LocalPosition: {x: 0, y: 0, z: 0}
  m_LocalScale: {x: 1, y: 1, z: 1}
  m_LocalEulerAnglesHint: {x: 0, y: 0, z: 0}
  m_Children:
  - {fileID: 440460}
  m_Father: {fileID: 442556}
  m_RootOrder: 0
--- !u!114 &11402152
MonoBehaviour:
  m_ObjectHideFlags: 1
  m_PrefabParentObject: {fileID: 0}
  m_PrefabInternal: {fileID: 100100000}
  m_GameObject: {fileID: 165294}
  m_Enabled: 1
  m_EditorHideFlags: 0
  m_Script: {fileID: 11500000, guid: a4a49686e8bd9434b904f7d963b0fbb5, type: 3}
  m_Name: 
  m_EditorClassIdentifier: 
--- !u!114 &11404610
MonoBehaviour:
  m_ObjectHideFlags: 1
  m_PrefabParentObject: {fileID: 0}
  m_PrefabInternal: {fileID: 100100000}
  m_GameObject: {fileID: 132022}
  m_Enabled: 1
  m_EditorHideFlags: 0
  m_Script: {fileID: 11500000, guid: 868ccc3db58364b6aa96d960ce8dc94a, type: 3}
  m_Name: 
  m_EditorClassIdentifier: 
  _id: 0
  _container: {fileID: 11482736}
  _owner: {fileID: 403630}
  _ownerPath: /Altea Throne 1 Sequence
  _tracks:
  - {fileID: 11440336}
  - {fileID: 11437248}
  - {fileID: 11448932}
--- !u!114 &11410586
MonoBehaviour:
  m_ObjectHideFlags: 1
  m_PrefabParentObject: {fileID: 0}
  m_PrefabInternal: {fileID: 100100000}
  m_GameObject: {fileID: 142726}
  m_Enabled: 1
  m_EditorHideFlags: 0
  m_Script: {fileID: 11500000, guid: 4feb263abf4ec4393958694a519f6d87, type: 3}
  m_Name: 
  m_EditorClassIdentifier: 
  _id: 0
  _track: {fileID: 11437248}
  _triggerOnSkip: 1
  _frameRange:
    _start: 46
    _end: 56
  _callOnlyOnTrigger: 1
  _className: StartCutSceneFlux
  _methodName: FireEvent
--- !u!114 &11415928
MonoBehaviour:
  m_ObjectHideFlags: 1
  m_PrefabParentObject: {fileID: 0}
  m_PrefabInternal: {fileID: 100100000}
  m_GameObject: {fileID: 149748}
  m_Enabled: 1
  m_EditorHideFlags: 0
  m_Script: {fileID: 11500000, guid: 92af80c84f4b742648b77bcdc7a5f26c, type: 3}
  m_Name: 
  m_EditorClassIdentifier: 
  _id: 0
  _timeline: {fileID: 11444758}
  _evtTypeStr: Flux.FTweenColorEvent
  _events:
  - {fileID: 11466694}
  _alwaysUseCache: 0
  _cacheMode: 0
--- !u!114 &11437248
MonoBehaviour:
  m_ObjectHideFlags: 1
  m_PrefabParentObject: {fileID: 0}
  m_PrefabInternal: {fileID: 100100000}
  m_GameObject: {fileID: 164636}
  m_Enabled: 1
  m_EditorHideFlags: 0
  m_Script: {fileID: 11500000, guid: 92af80c84f4b742648b77bcdc7a5f26c, type: 3}
  m_Name: 
  m_EditorClassIdentifier: 
  _id: 1
  _timeline: {fileID: 11404610}
  _evtTypeStr: Flux.FCallFunctionEvent
  _events:
  - {fileID: 11410586}
  - {fileID: 11481838}
  _alwaysUseCache: 0
  _cacheMode: 0
--- !u!114 &11440336
MonoBehaviour:
  m_ObjectHideFlags: 1
  m_PrefabParentObject: {fileID: 0}
  m_PrefabInternal: {fileID: 100100000}
  m_GameObject: {fileID: 188632}
  m_Enabled: 1
  m_EditorHideFlags: 0
  m_Script: {fileID: 11500000, guid: 92af80c84f4b742648b77bcdc7a5f26c, type: 3}
  m_Name: 
  m_EditorClassIdentifier: 
  _id: 0
  _timeline: {fileID: 11404610}
  _evtTypeStr: Flux.StartDialogue
  _events:
  - {fileID: 11462308}
  _alwaysUseCache: 0
  _cacheMode: 0
--- !u!114 &11442002
MonoBehaviour:
  m_ObjectHideFlags: 1
  m_PrefabParentObject: {fileID: 0}
  m_PrefabInternal: {fileID: 100100000}
  m_GameObject: {fileID: 165294}
  m_Enabled: 1
  m_EditorHideFlags: 0
  m_Script: {fileID: 11500000, guid: 61ea4d84209604c6785a01ab2786d0f9, type: 3}
  m_Name: 
  m_EditorClassIdentifier: 
  _id: -1
  _content: {fileID: 464826}
  _containers:
  - {fileID: 11482736}
  _version: 200
  _playOnStart: 0
  _loop: 0
  _defaultSpeed: 1
  _updateMode: 0
  _length: 100
  _onFinishedCallback:
    m_PersistentCalls:
      m_Calls: []
    m_TypeName: Flux.SequenceFinishedEvent, Assembly-CSharp, Version=0.0.0.0, Culture=neutral,
      PublicKeyToken=null
  _frameRate: 60
  _inverseFrameRate: 0.016666668
--- !u!114 &11444758
MonoBehaviour:
  m_ObjectHideFlags: 1
  m_PrefabParentObject: {fileID: 0}
  m_PrefabInternal: {fileID: 100100000}
  m_GameObject: {fileID: 112856}
  m_Enabled: 1
  m_EditorHideFlags: 0
  m_Script: {fileID: 11500000, guid: 868ccc3db58364b6aa96d960ce8dc94a, type: 3}
  m_Name: 
  m_EditorClassIdentifier: 
  _id: 1
  _container: {fileID: 11482736}
  _owner: {fileID: 0}
  _ownerPath: /WorldSceneManager/Canvas/ScreenFader
  _tracks:
  - {fileID: 11415928}
--- !u!114 &11447622
MonoBehaviour:
  m_ObjectHideFlags: 1
  m_PrefabParentObject: {fileID: 0}
  m_PrefabInternal: {fileID: 100100000}
  m_GameObject: {fileID: 165294}
  m_Enabled: 1
  m_EditorHideFlags: 0
  m_Script: {fileID: 11500000, guid: 7bcd443d0af6b0946959d5b5b44a2239, type: 3}
  m_Name: 
  m_EditorClassIdentifier: 
  SceneName: Chapter 1/24_MQ-05_Finn_Request/Finn Request
--- !u!114 &11448510
MonoBehaviour:
  m_ObjectHideFlags: 1
  m_PrefabParentObject: {fileID: 0}
  m_PrefabInternal: {fileID: 100100000}
  m_GameObject: {fileID: 151616}
  m_Enabled: 1
  m_EditorHideFlags: 0
  m_Script: {fileID: 11500000, guid: bd99c77febd2c6840954dd1096714567, type: 3}
  m_Name: 
  m_EditorClassIdentifier: 
  _id: 0
  _track: {fileID: 11448932}
  _triggerOnSkip: 1
  _frameRange:
    _start: 39
    _end: 44
  metadata: Rahas_Desert_Inside_B,Portal_south
--- !u!114 &11448932
MonoBehaviour:
  m_ObjectHideFlags: 1
  m_PrefabParentObject: {fileID: 0}
  m_PrefabInternal: {fileID: 100100000}
  m_GameObject: {fileID: 115184}
  m_Enabled: 1
  m_EditorHideFlags: 0
  m_Script: {fileID: 11500000, guid: 92af80c84f4b742648b77bcdc7a5f26c, type: 3}
  m_Name: 
  m_EditorClassIdentifier: 
  _id: 2
  _timeline: {fileID: 11404610}
  _evtTypeStr: Flux.FTeleport
  _events:
  - {fileID: 11448510}
  _alwaysUseCache: 0
  _cacheMode: 0
--- !u!114 &11462308
MonoBehaviour:
  m_ObjectHideFlags: 1
  m_PrefabParentObject: {fileID: 0}
  m_PrefabInternal: {fileID: 100100000}
  m_GameObject: {fileID: 121896}
  m_Enabled: 1
  m_EditorHideFlags: 0
  m_Script: {fileID: 11500000, guid: 9703e949f83f796449ad9ed10f1efded, type: 3}
  m_Name: 
  m_EditorClassIdentifier: 
  _id: 0
  _track: {fileID: 11440336}
  _triggerOnSkip: 1
  _frameRange:
    _start: 17
    _end: 26
  DialogueName: CH1_Altea_Throne_1
  PauseSequence: 1
--- !u!114 &11466694
MonoBehaviour:
  m_ObjectHideFlags: 1
  m_PrefabParentObject: {fileID: 0}
  m_PrefabInternal: {fileID: 100100000}
  m_GameObject: {fileID: 163212}
  m_Enabled: 1
  m_EditorHideFlags: 0
  m_Script: {fileID: 11500000, guid: e4827dd1599d94c2ba480f063fdfa6ec, type: 3}
  m_Name: 
  m_EditorClassIdentifier: 
  _id: 0
  _track: {fileID: 11415928}
  _triggerOnSkip: 0
  _frameRange:
    _start: 27
    _end: 38
  _tween:
    _easingType: 0
    _from: {r: 0, g: 0, b: 0, a: 0}
    _to: {r: 0, g: 0, b: 0, a: 1}
  _className: UnityEngine.UI.Image
  _variableName: color
--- !u!114 &11481838
MonoBehaviour:
  m_ObjectHideFlags: 1
  m_PrefabParentObject: {fileID: 0}
  m_PrefabInternal: {fileID: 100100000}
  m_GameObject: {fileID: 178632}
  m_Enabled: 1
  m_EditorHideFlags: 0
  m_Script: {fileID: 11500000, guid: 4feb263abf4ec4393958694a519f6d87, type: 3}
  m_Name: 
  m_EditorClassIdentifier: 
  _id: 1
  _track: {fileID: 11437248}
  _triggerOnSkip: 1
  _frameRange:
    _start: 61
    _end: 72
  _callOnlyOnTrigger: 1
  _className: DestroySequenceFlux
  _methodName: FireEvent
--- !u!114 &11482736
MonoBehaviour:
  m_ObjectHideFlags: 1
  m_PrefabParentObject: {fileID: 0}
  m_PrefabInternal: {fileID: 100100000}
  m_GameObject: {fileID: 108322}
  m_Enabled: 1
  m_EditorHideFlags: 0
  m_Script: {fileID: 11500000, guid: 6c190ac7427b84f9dba9f95b04e8af4a, type: 3}
  m_Name: 
  m_EditorClassIdentifier: 
  _id: 0
  _sequence: {fileID: 11442002}
  _color: {r: 0.14, g: 0.14, b: 0.14, a: 0.7}
  _timelines:
  - {fileID: 11404610}
  - {fileID: 11444758}
--- !u!1001 &100100000
Prefab:
  m_ObjectHideFlags: 1
  serializedVersion: 2
  m_Modification:
    m_TransformParent: {fileID: 0}
    m_Modifications:
    - target: {fileID: 0}
      propertyPath: DialogueName
      value: CH1_Lazarus_Death
      objectReference: {fileID: 0}
    m_RemovedComponents: []
  m_ParentPrefab: {fileID: 0}
  m_RootGameObject: {fileID: 165294}
  m_IsPrefabParent: 1
