%YAML 1.1
%TAG !u! tag:unity3d.com,2011:
--- !u!1 &102818
GameObject:
  m_ObjectHideFlags: 0
  m_PrefabParentObject: {fileID: 0}
  m_PrefabInternal: {fileID: 100100000}
  serializedVersion: 4
  m_Component:
  - 4: {fileID: 483226}
  - 95: {fileID: 9580852}
  - 114: {fileID: 11405520}
  - 114: {fileID: 11493094}
  - 54: {fileID: 5436564}
  m_Layer: 0
  m_Name: Bandit
  m_TagString: Untagged
  m_Icon: {fileID: 0}
  m_NavMeshLayer: 0
  m_StaticEditorFlags: 0
  m_IsActive: 1
--- !u!1 &103354
GameObject:
  m_ObjectHideFlags: 1
  m_PrefabParentObject: {fileID: 0}
  m_PrefabInternal: {fileID: 100100000}
  serializedVersion: 4
  m_Component:
  - 4: {fileID: 499784}
  m_Layer: 0
  m_Name: Bip001 L Finger31
  m_TagString: Untagged
  m_Icon: {fileID: 0}
  m_NavMeshLayer: 0
  m_StaticEditorFlags: 0
  m_IsActive: 1
--- !u!1 &103742
GameObject:
  m_ObjectHideFlags: 1
  m_PrefabParentObject: {fileID: 0}
  m_PrefabInternal: {fileID: 100100000}
  serializedVersion: 4
  m_Component:
  - 4: {fileID: 443026}
  m_Layer: 0
  m_Name: Bip001 Spine2
  m_TagString: Untagged
  m_Icon: {fileID: 0}
  m_NavMeshLayer: 0
  m_StaticEditorFlags: 0
  m_IsActive: 1
--- !u!1 &104650
GameObject:
  m_ObjectHideFlags: 1
  m_PrefabParentObject: {fileID: 0}
  m_PrefabInternal: {fileID: 100100000}
  serializedVersion: 4
  m_Component:
  - 4: {fileID: 483904}
  m_Layer: 0
  m_Name: Bip001 L Finger11
  m_TagString: Untagged
  m_Icon: {fileID: 0}
  m_NavMeshLayer: 0
  m_StaticEditorFlags: 0
  m_IsActive: 1
--- !u!1 &106600
GameObject:
  m_ObjectHideFlags: 1
  m_PrefabParentObject: {fileID: 0}
  m_PrefabInternal: {fileID: 100100000}
  serializedVersion: 4
  m_Component:
  - 4: {fileID: 409858}
  m_Layer: 0
  m_Name: Bip001 Ponytail21
  m_TagString: Untagged
  m_Icon: {fileID: 0}
  m_NavMeshLayer: 0
  m_StaticEditorFlags: 0
  m_IsActive: 1
--- !u!1 &107350
GameObject:
  m_ObjectHideFlags: 1
  m_PrefabParentObject: {fileID: 0}
  m_PrefabInternal: {fileID: 100100000}
  serializedVersion: 4
  m_Component:
  - 4: {fileID: 454210}
  m_Layer: 0
  m_Name: Bip001 L Finger4
  m_TagString: Untagged
  m_Icon: {fileID: 0}
  m_NavMeshLayer: 0
  m_StaticEditorFlags: 0
  m_IsActive: 1
--- !u!1 &107384
GameObject:
  m_ObjectHideFlags: 0
  m_PrefabParentObject: {fileID: 0}
  m_PrefabInternal: {fileID: 100100000}
  serializedVersion: 4
  m_Component:
  - 4: {fileID: 448496}
  m_Layer: 0
  m_Name: Bip001
  m_TagString: Untagged
  m_Icon: {fileID: 0}
  m_NavMeshLayer: 0
  m_StaticEditorFlags: 0
  m_IsActive: 1
--- !u!1 &107430
GameObject:
  m_ObjectHideFlags: 1
  m_PrefabParentObject: {fileID: 0}
  m_PrefabInternal: {fileID: 100100000}
  serializedVersion: 4
  m_Component:
  - 4: {fileID: 488162}
  m_Layer: 0
  m_Name: Bip001 Spine1
  m_TagString: Untagged
  m_Icon: {fileID: 0}
  m_NavMeshLayer: 0
  m_StaticEditorFlags: 0
  m_IsActive: 1
--- !u!1 &109358
GameObject:
  m_ObjectHideFlags: 1
  m_PrefabParentObject: {fileID: 0}
  m_PrefabInternal: {fileID: 100100000}
  serializedVersion: 4
  m_Component:
  - 4: {fileID: 499160}
  m_Layer: 0
  m_Name: Bip001 L Finger21
  m_TagString: Untagged
  m_Icon: {fileID: 0}
  m_NavMeshLayer: 0
  m_StaticEditorFlags: 0
  m_IsActive: 1
--- !u!1 &110462
GameObject:
  m_ObjectHideFlags: 1
  m_PrefabParentObject: {fileID: 0}
  m_PrefabInternal: {fileID: 100100000}
  serializedVersion: 4
  m_Component:
  - 4: {fileID: 480166}
  m_Layer: 0
  m_Name: Bip001 L Finger2
  m_TagString: Untagged
  m_Icon: {fileID: 0}
  m_NavMeshLayer: 0
  m_StaticEditorFlags: 0
  m_IsActive: 1
--- !u!1 &113370
GameObject:
  m_ObjectHideFlags: 1
  m_PrefabParentObject: {fileID: 0}
  m_PrefabInternal: {fileID: 100100000}
  serializedVersion: 4
  m_Component:
  - 4: {fileID: 496826}
  m_Layer: 0
  m_Name: Bip001 R Thigh
  m_TagString: Untagged
  m_Icon: {fileID: 0}
  m_NavMeshLayer: 0
  m_StaticEditorFlags: 0
  m_IsActive: 1
--- !u!1 &133658
GameObject:
  m_ObjectHideFlags: 1
  m_PrefabParentObject: {fileID: 0}
  m_PrefabInternal: {fileID: 100100000}
  serializedVersion: 4
  m_Component:
  - 4: {fileID: 486800}
  m_Layer: 0
  m_Name: Bip001 L Finger32
  m_TagString: Untagged
  m_Icon: {fileID: 0}
  m_NavMeshLayer: 0
  m_StaticEditorFlags: 0
  m_IsActive: 1
--- !u!1 &133918
GameObject:
  m_ObjectHideFlags: 1
  m_PrefabParentObject: {fileID: 0}
  m_PrefabInternal: {fileID: 100100000}
  serializedVersion: 4
  m_Component:
  - 4: {fileID: 476722}
  m_Layer: 0
  m_Name: Bip001 R Finger02
  m_TagString: Untagged
  m_Icon: {fileID: 0}
  m_NavMeshLayer: 0
  m_StaticEditorFlags: 0
  m_IsActive: 1
--- !u!1 &135936
GameObject:
  m_ObjectHideFlags: 1
  m_PrefabParentObject: {fileID: 0}
  m_PrefabInternal: {fileID: 100100000}
  serializedVersion: 4
  m_Component:
  - 4: {fileID: 404948}
  m_Layer: 0
  m_Name: Bip001 Ponytail2
  m_TagString: Untagged
  m_Icon: {fileID: 0}
  m_NavMeshLayer: 0
  m_StaticEditorFlags: 0
  m_IsActive: 1
--- !u!1 &137354
GameObject:
  m_ObjectHideFlags: 1
  m_PrefabParentObject: {fileID: 0}
  m_PrefabInternal: {fileID: 100100000}
  serializedVersion: 4
  m_Component:
  - 4: {fileID: 416622}
  m_Layer: 0
  m_Name: Bip001 R Finger2
  m_TagString: Untagged
  m_Icon: {fileID: 0}
  m_NavMeshLayer: 0
  m_StaticEditorFlags: 0
  m_IsActive: 1
--- !u!1 &142676
GameObject:
  m_ObjectHideFlags: 1
  m_PrefabParentObject: {fileID: 0}
  m_PrefabInternal: {fileID: 100100000}
  serializedVersion: 4
  m_Component:
  - 4: {fileID: 442380}
  m_Layer: 0
  m_Name: Bip001 L Clavicle
  m_TagString: Untagged
  m_Icon: {fileID: 0}
  m_NavMeshLayer: 0
  m_StaticEditorFlags: 0
  m_IsActive: 1
--- !u!1 &142772
GameObject:
  m_ObjectHideFlags: 1
  m_PrefabParentObject: {fileID: 0}
  m_PrefabInternal: {fileID: 100100000}
  serializedVersion: 4
  m_Component:
  - 4: {fileID: 498376}
  m_Layer: 0
  m_Name: Bip001 Xtra01
  m_TagString: Untagged
  m_Icon: {fileID: 0}
  m_NavMeshLayer: 0
  m_StaticEditorFlags: 0
  m_IsActive: 1
--- !u!1 &146886
GameObject:
  m_ObjectHideFlags: 1
  m_PrefabParentObject: {fileID: 0}
  m_PrefabInternal: {fileID: 100100000}
  serializedVersion: 4
  m_Component:
  - 4: {fileID: 427288}
  m_Layer: 0
  m_Name: Bip001 L Forearm
  m_TagString: Untagged
  m_Icon: {fileID: 0}
  m_NavMeshLayer: 0
  m_StaticEditorFlags: 0
  m_IsActive: 1
--- !u!1 &147004
GameObject:
  m_ObjectHideFlags: 1
  m_PrefabParentObject: {fileID: 0}
  m_PrefabInternal: {fileID: 100100000}
  serializedVersion: 4
  m_Component:
  - 4: {fileID: 488352}
  m_Layer: 0
  m_Name: Bip001 Head
  m_TagString: Untagged
  m_Icon: {fileID: 0}
  m_NavMeshLayer: 0
  m_StaticEditorFlags: 0
  m_IsActive: 1
--- !u!1 &150610
GameObject:
  m_ObjectHideFlags: 1
  m_PrefabParentObject: {fileID: 0}
  m_PrefabInternal: {fileID: 100100000}
  serializedVersion: 4
  m_Component:
  - 4: {fileID: 461538}
  m_Layer: 0
  m_Name: Bip001 R Toe0
  m_TagString: Untagged
  m_Icon: {fileID: 0}
  m_NavMeshLayer: 0
  m_StaticEditorFlags: 0
  m_IsActive: 1
--- !u!1 &151022
GameObject:
  m_ObjectHideFlags: 1
  m_PrefabParentObject: {fileID: 0}
  m_PrefabInternal: {fileID: 100100000}
  serializedVersion: 4
  m_Component:
  - 4: {fileID: 422476}
  m_Layer: 0
  m_Name: Bip001 R Finger12
  m_TagString: Untagged
  m_Icon: {fileID: 0}
  m_NavMeshLayer: 0
  m_StaticEditorFlags: 0
  m_IsActive: 1
--- !u!1 &151308
GameObject:
  m_ObjectHideFlags: 1
  m_PrefabParentObject: {fileID: 0}
  m_PrefabInternal: {fileID: 100100000}
  serializedVersion: 4
  m_Component:
  - 4: {fileID: 418382}
  m_Layer: 0
  m_Name: Bip001 L Finger0
  m_TagString: Untagged
  m_Icon: {fileID: 0}
  m_NavMeshLayer: 0
  m_StaticEditorFlags: 0
  m_IsActive: 1
--- !u!1 &151432
GameObject:
  m_ObjectHideFlags: 1
  m_PrefabParentObject: {fileID: 0}
  m_PrefabInternal: {fileID: 100100000}
  serializedVersion: 4
  m_Component:
  - 4: {fileID: 462410}
  m_Layer: 0
  m_Name: Bip001 Xtra0102
  m_TagString: Untagged
  m_Icon: {fileID: 0}
  m_NavMeshLayer: 0
  m_StaticEditorFlags: 0
  m_IsActive: 1
--- !u!1 &152826
GameObject:
  m_ObjectHideFlags: 1
  m_PrefabParentObject: {fileID: 0}
  m_PrefabInternal: {fileID: 100100000}
  serializedVersion: 4
  m_Component:
  - 4: {fileID: 491396}
  m_Layer: 0
  m_Name: Bip001 R UpperArm
  m_TagString: Untagged
  m_Icon: {fileID: 0}
  m_NavMeshLayer: 0
  m_StaticEditorFlags: 0
  m_IsActive: 1
--- !u!1 &152946
GameObject:
  m_ObjectHideFlags: 1
  m_PrefabParentObject: {fileID: 0}
  m_PrefabInternal: {fileID: 100100000}
  serializedVersion: 4
  m_Component:
  - 4: {fileID: 472316}
  m_Layer: 0
  m_Name: Bip001 L Finger1
  m_TagString: Untagged
  m_Icon: {fileID: 0}
  m_NavMeshLayer: 0
  m_StaticEditorFlags: 0
  m_IsActive: 1
--- !u!1 &153816
GameObject:
  m_ObjectHideFlags: 1
  m_PrefabParentObject: {fileID: 0}
  m_PrefabInternal: {fileID: 100100000}
  serializedVersion: 4
  m_Component:
  - 4: {fileID: 463068}
  m_Layer: 0
  m_Name: Bip001 Ponytail1
  m_TagString: Untagged
  m_Icon: {fileID: 0}
  m_NavMeshLayer: 0
  m_StaticEditorFlags: 0
  m_IsActive: 1
--- !u!1 &155794
GameObject:
  m_ObjectHideFlags: 1
  m_PrefabParentObject: {fileID: 0}
  m_PrefabInternal: {fileID: 100100000}
  serializedVersion: 4
  m_Component:
  - 4: {fileID: 400380}
  m_Layer: 0
  m_Name: Bip001 L Finger41
  m_TagString: Untagged
  m_Icon: {fileID: 0}
  m_NavMeshLayer: 0
  m_StaticEditorFlags: 0
  m_IsActive: 1
--- !u!1 &157948
GameObject:
  m_ObjectHideFlags: 1
  m_PrefabParentObject: {fileID: 0}
  m_PrefabInternal: {fileID: 100100000}
  serializedVersion: 4
  m_Component:
  - 4: {fileID: 426588}
  m_Layer: 0
  m_Name: Bip001 L Finger42
  m_TagString: Untagged
  m_Icon: {fileID: 0}
  m_NavMeshLayer: 0
  m_StaticEditorFlags: 0
  m_IsActive: 1
--- !u!1 &158080
GameObject:
  m_ObjectHideFlags: 1
  m_PrefabParentObject: {fileID: 0}
  m_PrefabInternal: {fileID: 100100000}
  serializedVersion: 4
  m_Component:
  - 4: {fileID: 407240}
  m_Layer: 0
  m_Name: Bip001 R Finger32
  m_TagString: Untagged
  m_Icon: {fileID: 0}
  m_NavMeshLayer: 0
  m_StaticEditorFlags: 0
  m_IsActive: 1
--- !u!1 &159820
GameObject:
  m_ObjectHideFlags: 1
  m_PrefabParentObject: {fileID: 0}
  m_PrefabInternal: {fileID: 100100000}
  serializedVersion: 4
  m_Component:
  - 4: {fileID: 484874}
  m_Layer: 0
  m_Name: Bip001 L Toe0
  m_TagString: Untagged
  m_Icon: {fileID: 0}
  m_NavMeshLayer: 0
  m_StaticEditorFlags: 0
  m_IsActive: 1
--- !u!1 &160274
GameObject:
  m_ObjectHideFlags: 1
  m_PrefabParentObject: {fileID: 0}
  m_PrefabInternal: {fileID: 100100000}
  serializedVersion: 4
  m_Component:
  - 4: {fileID: 417254}
  m_Layer: 0
  m_Name: Bip001 R Forearm
  m_TagString: Untagged
  m_Icon: {fileID: 0}
  m_NavMeshLayer: 0
  m_StaticEditorFlags: 0
  m_IsActive: 1
--- !u!1 &161322
GameObject:
  m_ObjectHideFlags: 1
  m_PrefabParentObject: {fileID: 0}
  m_PrefabInternal: {fileID: 100100000}
  serializedVersion: 4
  m_Component:
  - 4: {fileID: 429042}
  m_Layer: 0
  m_Name: Bip001 L Thigh
  m_TagString: Untagged
  m_Icon: {fileID: 0}
  m_NavMeshLayer: 0
  m_StaticEditorFlags: 0
  m_IsActive: 1
--- !u!1 &161520
GameObject:
  m_ObjectHideFlags: 1
  m_PrefabParentObject: {fileID: 0}
  m_PrefabInternal: {fileID: 100100000}
  serializedVersion: 4
  m_Component:
  - 4: {fileID: 454784}
  m_Layer: 0
  m_Name: Bip001 R Clavicle
  m_TagString: Untagged
  m_Icon: {fileID: 0}
  m_NavMeshLayer: 0
  m_StaticEditorFlags: 0
  m_IsActive: 1
--- !u!1 &161626
GameObject:
  m_ObjectHideFlags: 1
  m_PrefabParentObject: {fileID: 0}
  m_PrefabInternal: {fileID: 100100000}
  serializedVersion: 4
  m_Component:
  - 4: {fileID: 441304}
  m_Layer: 0
  m_Name: Bip001 L Calf
  m_TagString: Untagged
  m_Icon: {fileID: 0}
  m_NavMeshLayer: 0
  m_StaticEditorFlags: 0
  m_IsActive: 1
--- !u!1 &163208
GameObject:
  m_ObjectHideFlags: 1
  m_PrefabParentObject: {fileID: 0}
  m_PrefabInternal: {fileID: 100100000}
  serializedVersion: 4
  m_Component:
  - 4: {fileID: 479808}
  m_Layer: 0
  m_Name: Bip001 R Finger4
  m_TagString: Untagged
  m_Icon: {fileID: 0}
  m_NavMeshLayer: 0
  m_StaticEditorFlags: 0
  m_IsActive: 1
--- !u!1 &167074
GameObject:
  m_ObjectHideFlags: 1
  m_PrefabParentObject: {fileID: 0}
  m_PrefabInternal: {fileID: 100100000}
  serializedVersion: 4
  m_Component:
  - 4: {fileID: 431138}
  m_Layer: 0
  m_Name: Bip001 L Foot
  m_TagString: Untagged
  m_Icon: {fileID: 0}
  m_NavMeshLayer: 0
  m_StaticEditorFlags: 0
  m_IsActive: 1
--- !u!1 &169116
GameObject:
  m_ObjectHideFlags: 1
  m_PrefabParentObject: {fileID: 0}
  m_PrefabInternal: {fileID: 100100000}
  serializedVersion: 4
  m_Component:
  - 4: {fileID: 417304}
  m_Layer: 0
  m_Name: Bip001 R Finger22
  m_TagString: Untagged
  m_Icon: {fileID: 0}
  m_NavMeshLayer: 0
  m_StaticEditorFlags: 0
  m_IsActive: 1
--- !u!1 &169276
GameObject:
  m_ObjectHideFlags: 1
  m_PrefabParentObject: {fileID: 0}
  m_PrefabInternal: {fileID: 100100000}
  serializedVersion: 4
  m_Component:
  - 4: {fileID: 439540}
  m_Layer: 0
  m_Name: Bip001 R Finger3
  m_TagString: Untagged
  m_Icon: {fileID: 0}
  m_NavMeshLayer: 0
  m_StaticEditorFlags: 0
  m_IsActive: 1
--- !u!1 &173734
GameObject:
  m_ObjectHideFlags: 1
  m_PrefabParentObject: {fileID: 0}
  m_PrefabInternal: {fileID: 100100000}
  serializedVersion: 4
  m_Component:
  - 4: {fileID: 454536}
  m_Layer: 0
  m_Name: Bip001 R Finger01
  m_TagString: Untagged
  m_Icon: {fileID: 0}
  m_NavMeshLayer: 0
  m_StaticEditorFlags: 0
  m_IsActive: 1
--- !u!1 &174582
GameObject:
  m_ObjectHideFlags: 1
  m_PrefabParentObject: {fileID: 0}
  m_PrefabInternal: {fileID: 100100000}
  serializedVersion: 4
  m_Component:
  - 4: {fileID: 411140}
  m_Layer: 0
  m_Name: Bip001 R Finger31
  m_TagString: Untagged
  m_Icon: {fileID: 0}
  m_NavMeshLayer: 0
  m_StaticEditorFlags: 0
  m_IsActive: 1
--- !u!1 &174670
GameObject:
  m_ObjectHideFlags: 1
  m_PrefabParentObject: {fileID: 0}
  m_PrefabInternal: {fileID: 100100000}
  serializedVersion: 4
  m_Component:
  - 4: {fileID: 486042}
  m_Layer: 0
  m_Name: Bip001 R Finger1
  m_TagString: Untagged
  m_Icon: {fileID: 0}
  m_NavMeshLayer: 0
  m_StaticEditorFlags: 0
  m_IsActive: 1
--- !u!1 &175946
GameObject:
  m_ObjectHideFlags: 0
  m_PrefabParentObject: {fileID: 0}
  m_PrefabInternal: {fileID: 100100000}
  serializedVersion: 4
  m_Component:
  - 4: {fileID: 454642}
  - 137: {fileID: 13726684}
  m_Layer: 0
  m_Name: NPC_Tel_Harran_Bandit
  m_TagString: Untagged
  m_Icon: {fileID: 0}
  m_NavMeshLayer: 0
  m_StaticEditorFlags: 0
  m_IsActive: 1
--- !u!1 &176008
GameObject:
  m_ObjectHideFlags: 1
  m_PrefabParentObject: {fileID: 0}
  m_PrefabInternal: {fileID: 100100000}
  serializedVersion: 4
  m_Component:
  - 4: {fileID: 463862}
  m_Layer: 0
  m_Name: Bip001 L Finger12
  m_TagString: Untagged
  m_Icon: {fileID: 0}
  m_NavMeshLayer: 0
  m_StaticEditorFlags: 0
  m_IsActive: 1
--- !u!1 &176268
GameObject:
  m_ObjectHideFlags: 1
  m_PrefabParentObject: {fileID: 0}
  m_PrefabInternal: {fileID: 100100000}
  serializedVersion: 4
  m_Component:
  - 4: {fileID: 428768}
  m_Layer: 0
  m_Name: Bip001 L Hand
  m_TagString: Untagged
  m_Icon: {fileID: 0}
  m_NavMeshLayer: 0
  m_StaticEditorFlags: 0
  m_IsActive: 1
--- !u!1 &177002
GameObject:
  m_ObjectHideFlags: 1
  m_PrefabParentObject: {fileID: 0}
  m_PrefabInternal: {fileID: 100100000}
  serializedVersion: 4
  m_Component:
  - 4: {fileID: 401298}
  m_Layer: 0
  m_Name: Bip001 L UpperArm
  m_TagString: Untagged
  m_Icon: {fileID: 0}
  m_NavMeshLayer: 0
  m_StaticEditorFlags: 0
  m_IsActive: 1
--- !u!1 &177608
GameObject:
  m_ObjectHideFlags: 1
  m_PrefabParentObject: {fileID: 0}
  m_PrefabInternal: {fileID: 100100000}
  serializedVersion: 4
  m_Component:
  - 4: {fileID: 490142}
  m_Layer: 0
  m_Name: Bip001 R Finger42
  m_TagString: Untagged
  m_Icon: {fileID: 0}
  m_NavMeshLayer: 0
  m_StaticEditorFlags: 0
  m_IsActive: 1
--- !u!1 &178998
GameObject:
  m_ObjectHideFlags: 1
  m_PrefabParentObject: {fileID: 0}
  m_PrefabInternal: {fileID: 100100000}
  serializedVersion: 4
  m_Component:
  - 4: {fileID: 443564}
  m_Layer: 0
  m_Name: Bip001 R Foot
  m_TagString: Untagged
  m_Icon: {fileID: 0}
  m_NavMeshLayer: 0
  m_StaticEditorFlags: 0
  m_IsActive: 1
--- !u!1 &181756
GameObject:
  m_ObjectHideFlags: 1
  m_PrefabParentObject: {fileID: 0}
  m_PrefabInternal: {fileID: 100100000}
  serializedVersion: 4
  m_Component:
  - 4: {fileID: 453106}
  m_Layer: 0
  m_Name: Bip001 L Finger3
  m_TagString: Untagged
  m_Icon: {fileID: 0}
  m_NavMeshLayer: 0
  m_StaticEditorFlags: 0
  m_IsActive: 1
--- !u!1 &182316
GameObject:
  m_ObjectHideFlags: 1
  m_PrefabParentObject: {fileID: 0}
  m_PrefabInternal: {fileID: 100100000}
  serializedVersion: 4
  m_Component:
  - 4: {fileID: 425488}
  m_Layer: 0
  m_Name: Bip001 R Finger0
  m_TagString: Untagged
  m_Icon: {fileID: 0}
  m_NavMeshLayer: 0
  m_StaticEditorFlags: 0
  m_IsActive: 1
--- !u!1 &184500
GameObject:
  m_ObjectHideFlags: 1
  m_PrefabParentObject: {fileID: 0}
  m_PrefabInternal: {fileID: 100100000}
  serializedVersion: 4
  m_Component:
  - 4: {fileID: 470698}
  m_Layer: 0
  m_Name: Bip001 Spine
  m_TagString: Untagged
  m_Icon: {fileID: 0}
  m_NavMeshLayer: 0
  m_StaticEditorFlags: 0
  m_IsActive: 1
--- !u!1 &186532
GameObject:
  m_ObjectHideFlags: 1
  m_PrefabParentObject: {fileID: 0}
  m_PrefabInternal: {fileID: 100100000}
  serializedVersion: 4
  m_Component:
  - 4: {fileID: 476736}
  m_Layer: 0
  m_Name: Bip001 Pelvis
  m_TagString: Untagged
  m_Icon: {fileID: 0}
  m_NavMeshLayer: 0
  m_StaticEditorFlags: 0
  m_IsActive: 1
--- !u!1 &186706
GameObject:
  m_ObjectHideFlags: 1
  m_PrefabParentObject: {fileID: 0}
  m_PrefabInternal: {fileID: 100100000}
  serializedVersion: 4
  m_Component:
  - 4: {fileID: 461916}
  m_Layer: 0
  m_Name: Bip001 L Finger02
  m_TagString: Untagged
  m_Icon: {fileID: 0}
  m_NavMeshLayer: 0
  m_StaticEditorFlags: 0
  m_IsActive: 1
--- !u!1 &186976
GameObject:
  m_ObjectHideFlags: 1
  m_PrefabParentObject: {fileID: 0}
  m_PrefabInternal: {fileID: 100100000}
  serializedVersion: 4
  m_Component:
  - 4: {fileID: 431326}
  m_Layer: 0
  m_Name: Bip001 R Finger11
  m_TagString: Untagged
  m_Icon: {fileID: 0}
  m_NavMeshLayer: 0
  m_StaticEditorFlags: 0
  m_IsActive: 1
--- !u!1 &188798
GameObject:
  m_ObjectHideFlags: 1
  m_PrefabParentObject: {fileID: 0}
  m_PrefabInternal: {fileID: 100100000}
  serializedVersion: 4
  m_Component:
  - 4: {fileID: 410142}
  m_Layer: 0
  m_Name: Bip001 R Finger41
  m_TagString: Untagged
  m_Icon: {fileID: 0}
  m_NavMeshLayer: 0
  m_StaticEditorFlags: 0
  m_IsActive: 1
--- !u!1 &190912
GameObject:
  m_ObjectHideFlags: 1
  m_PrefabParentObject: {fileID: 0}
  m_PrefabInternal: {fileID: 100100000}
  serializedVersion: 4
  m_Component:
  - 4: {fileID: 454540}
  m_Layer: 0
  m_Name: Bip001 R Calf
  m_TagString: Untagged
  m_Icon: {fileID: 0}
  m_NavMeshLayer: 0
  m_StaticEditorFlags: 0
  m_IsActive: 1
--- !u!1 &192388
GameObject:
  m_ObjectHideFlags: 1
  m_PrefabParentObject: {fileID: 0}
  m_PrefabInternal: {fileID: 100100000}
  serializedVersion: 4
  m_Component:
  - 4: {fileID: 421626}
  m_Layer: 0
  m_Name: Bip001 L Finger22
  m_TagString: Untagged
  m_Icon: {fileID: 0}
  m_NavMeshLayer: 0
  m_StaticEditorFlags: 0
  m_IsActive: 1
--- !u!1 &194730
GameObject:
  m_ObjectHideFlags: 1
  m_PrefabParentObject: {fileID: 0}
  m_PrefabInternal: {fileID: 100100000}
  serializedVersion: 4
  m_Component:
  - 4: {fileID: 482542}
  m_Layer: 0
  m_Name: Bip001 L Finger01
  m_TagString: Untagged
  m_Icon: {fileID: 0}
  m_NavMeshLayer: 0
  m_StaticEditorFlags: 0
  m_IsActive: 1
--- !u!1 &194748
GameObject:
  m_ObjectHideFlags: 1
  m_PrefabParentObject: {fileID: 0}
  m_PrefabInternal: {fileID: 100100000}
  serializedVersion: 4
  m_Component:
  - 4: {fileID: 496404}
  m_Layer: 0
  m_Name: Bip001 R Hand
  m_TagString: Untagged
  m_Icon: {fileID: 0}
  m_NavMeshLayer: 0
  m_StaticEditorFlags: 0
  m_IsActive: 1
--- !u!1 &195712
GameObject:
  m_ObjectHideFlags: 1
  m_PrefabParentObject: {fileID: 0}
  m_PrefabInternal: {fileID: 100100000}
  serializedVersion: 4
  m_Component:
  - 4: {fileID: 458110}
  m_Layer: 0
  m_Name: Bip001 Ponytail11
  m_TagString: Untagged
  m_Icon: {fileID: 0}
  m_NavMeshLayer: 0
  m_StaticEditorFlags: 0
  m_IsActive: 1
--- !u!1 &196712
GameObject:
  m_ObjectHideFlags: 1
  m_PrefabParentObject: {fileID: 0}
  m_PrefabInternal: {fileID: 100100000}
  serializedVersion: 4
  m_Component:
  - 4: {fileID: 499038}
  m_Layer: 0
  m_Name: Bip001 R Finger21
  m_TagString: Untagged
  m_Icon: {fileID: 0}
  m_NavMeshLayer: 0
  m_StaticEditorFlags: 0
  m_IsActive: 1
--- !u!1 &199080
GameObject:
  m_ObjectHideFlags: 1
  m_PrefabParentObject: {fileID: 0}
  m_PrefabInternal: {fileID: 100100000}
  serializedVersion: 4
  m_Component:
  - 4: {fileID: 478956}
  m_Layer: 0
  m_Name: Bip001 Neck
  m_TagString: Untagged
  m_Icon: {fileID: 0}
  m_NavMeshLayer: 0
  m_StaticEditorFlags: 0
  m_IsActive: 1
--- !u!4 &400380
Transform:
  m_ObjectHideFlags: 1
  m_PrefabParentObject: {fileID: 0}
  m_PrefabInternal: {fileID: 100100000}
  m_GameObject: {fileID: 155794}
  m_LocalRotation: {x: -0.000000022350534, y: 2.3252561e-10, z: -0.010403019, w: 0.9999459}
  m_LocalPosition: {x: -0.019499846, y: 0, z: 0}
  m_LocalScale: {x: 0.99999994, y: 0.99999994, z: 0.9999999}
  m_Children:
  - {fileID: 426588}
  m_Father: {fileID: 454210}
  m_RootOrder: 0
--- !u!4 &401298
Transform:
  m_ObjectHideFlags: 1
  m_PrefabParentObject: {fileID: 0}
  m_PrefabInternal: {fileID: 100100000}
  m_GameObject: {fileID: 177002}
  m_LocalRotation: {x: 0.12676512, y: -0.18074818, z: 0.007685112, w: 0.97529566}
  m_LocalPosition: {x: -0.20193483, y: -0.000000045776364, z: 0.0000001220703}
  m_LocalScale: {x: 0.99999994, y: 1, z: 0.99999994}
  m_Children:
  - {fileID: 427288}
  m_Father: {fileID: 442380}
  m_RootOrder: 0
--- !u!4 &404948
Transform:
  m_ObjectHideFlags: 1
  m_PrefabParentObject: {fileID: 0}
  m_PrefabInternal: {fileID: 100100000}
  m_GameObject: {fileID: 135936}
  m_LocalRotation: {x: 0.071293, y: -0.0024594085, z: 0.9741875, w: 0.21417283}
  m_LocalPosition: {x: -0.024782103, y: -0.101510674, z: -0.03217116}
  m_LocalScale: {x: 1.0000001, y: 1.0000001, z: 1}
  m_Children:
  - {fileID: 409858}
  m_Father: {fileID: 488352}
  m_RootOrder: 1
--- !u!4 &407240
Transform:
  m_ObjectHideFlags: 1
  m_PrefabParentObject: {fileID: 0}
  m_PrefabInternal: {fileID: 100100000}
  m_GameObject: {fileID: 158080}
  m_LocalRotation: {x: 0.0000000044121933, y: 0.0000000101512265, z: -0.02169233,
    w: 0.9997647}
  m_LocalPosition: {x: -0.029974608, y: 0, z: -0.000000015258788}
  m_LocalScale: {x: 0.99999994, y: 1, z: 1}
  m_Children: []
  m_Father: {fileID: 411140}
  m_RootOrder: 0
--- !u!4 &409858
Transform:
  m_ObjectHideFlags: 1
  m_PrefabParentObject: {fileID: 0}
  m_PrefabInternal: {fileID: 100100000}
  m_GameObject: {fileID: 106600}
  m_LocalRotation: {x: 0.010928948, y: -0.0024424724, z: 0.24692704, w: 0.96896935}
  m_LocalPosition: {x: -0.13323742, y: -0.000112182606, z: -0.0000025482177}
  m_LocalScale: {x: 0.9999999, y: 1.0000001, z: 1.0000001}
  m_Children: []
  m_Father: {fileID: 404948}
  m_RootOrder: 0
--- !u!4 &410142
Transform:
  m_ObjectHideFlags: 1
  m_PrefabParentObject: {fileID: 0}
  m_PrefabInternal: {fileID: 100100000}
  m_GameObject: {fileID: 188798}
  m_LocalRotation: {x: -0.0000000110977565, y: 0.00000000756644, z: -0.010403048,
    w: 0.9999459}
  m_LocalPosition: {x: -0.019499846, y: 0, z: -0.000000030517576}
  m_LocalScale: {x: 1.0000001, y: 1.0000001, z: 1}
  m_Children:
  - {fileID: 490142}
  m_Father: {fileID: 479808}
  m_RootOrder: 0
--- !u!4 &411140
Transform:
  m_ObjectHideFlags: 1
  m_PrefabParentObject: {fileID: 0}
  m_PrefabInternal: {fileID: 100100000}
  m_GameObject: {fileID: 174582}
  m_LocalRotation: {x: 0.0000000040014276, y: -0.0000000066372734, z: -0.02880474,
    w: 0.9995851}
  m_LocalPosition: {x: -0.030172087, y: -0.0000001220703, z: 0.000000007629394}
  m_LocalScale: {x: 0.99999994, y: 1, z: 1.0000001}
  m_Children:
  - {fileID: 407240}
  m_Father: {fileID: 439540}
  m_RootOrder: 0
--- !u!4 &416622
Transform:
  m_ObjectHideFlags: 1
  m_PrefabParentObject: {fileID: 0}
  m_PrefabInternal: {fileID: 100100000}
  m_GameObject: {fileID: 137354}
  m_LocalRotation: {x: 0.020996686, y: -0.06680688, z: -0.042277765, w: 0.99664867}
  m_LocalPosition: {x: -0.12598674, y: -0.0040667723, z: 0.00064013666}
  m_LocalScale: {x: 1.0000001, y: 0.99999994, z: 1}
  m_Children:
  - {fileID: 499038}
  m_Father: {fileID: 496404}
  m_RootOrder: 2
--- !u!4 &417254
Transform:
  m_ObjectHideFlags: 1
  m_PrefabParentObject: {fileID: 0}
  m_PrefabInternal: {fileID: 100100000}
  m_GameObject: {fileID: 160274}
  m_LocalRotation: {x: 0.000000014234833, y: -0.00000005835746, z: 0.11464508, w: 0.99340653}
  m_LocalPosition: {x: -0.28773206, y: 0, z: 0}
  m_LocalScale: {x: 1.0000001, y: 1.0000001, z: 1}
  m_Children:
  - {fileID: 496404}
  m_Father: {fileID: 491396}
  m_RootOrder: 0
--- !u!4 &417304
Transform:
  m_ObjectHideFlags: 1
  m_PrefabParentObject: {fileID: 0}
  m_PrefabInternal: {fileID: 100100000}
  m_GameObject: {fileID: 169116}
  m_LocalRotation: {x: 0.000000003760332, y: 0.000000011164132, z: -0.003137083, w: 0.9999951}
  m_LocalPosition: {x: -0.032398984, y: 0, z: 0}
  m_LocalScale: {x: 0.9999999, y: 1, z: 1.0000001}
  m_Children: []
  m_Father: {fileID: 499038}
  m_RootOrder: 0
--- !u!4 &418382
Transform:
  m_ObjectHideFlags: 1
  m_PrefabParentObject: {fileID: 0}
  m_PrefabInternal: {fileID: 100100000}
  m_GameObject: {fileID: 151308}
  m_LocalRotation: {x: 0.70967716, y: -0.4070383, z: -0.0060638334, w: 0.57501423}
  m_LocalPosition: {x: -0.031981688, y: 0.021583617, z: -0.051848795}
  m_LocalScale: {x: 1, y: 1, z: 1}
  m_Children:
  - {fileID: 482542}
  m_Father: {fileID: 428768}
  m_RootOrder: 0
--- !u!4 &421626
Transform:
  m_ObjectHideFlags: 1
  m_PrefabParentObject: {fileID: 0}
  m_PrefabInternal: {fileID: 100100000}
  m_GameObject: {fileID: 192388}
  m_LocalRotation: {x: -0.0000000037486454, y: -0.0000000074388584, z: -0.003137068,
    w: 0.9999951}
  m_LocalPosition: {x: -0.032399014, y: 0, z: -0.000000015258788}
  m_LocalScale: {x: 0.99999994, y: 1, z: 1.0000001}
  m_Children: []
  m_Father: {fileID: 499160}
  m_RootOrder: 0
--- !u!4 &422476
Transform:
  m_ObjectHideFlags: 1
  m_PrefabParentObject: {fileID: 0}
  m_PrefabInternal: {fileID: 100100000}
  m_GameObject: {fileID: 151022}
  m_LocalRotation: {x: 0.000000014735249, y: -0.000000007773555, z: -0.021793235,
    w: 0.99976254}
  m_LocalPosition: {x: -0.028078124, y: 0, z: -0.000000015258788}
  m_LocalScale: {x: 1.0000001, y: 1.0000001, z: 1.0000001}
  m_Children: []
  m_Father: {fileID: 431326}
  m_RootOrder: 0
--- !u!4 &425488
Transform:
  m_ObjectHideFlags: 1
  m_PrefabParentObject: {fileID: 0}
  m_PrefabInternal: {fileID: 100100000}
  m_GameObject: {fileID: 182316}
  m_LocalRotation: {x: -0.70967716, y: 0.4070383, z: -0.006063838, w: 0.57501423}
  m_LocalPosition: {x: -0.031981688, y: 0.021583617, z: 0.051848814}
  m_LocalScale: {x: 0.99999994, y: 1, z: 0.99999994}
  m_Children:
  - {fileID: 454536}
  m_Father: {fileID: 496404}
  m_RootOrder: 0
--- !u!4 &426588
Transform:
  m_ObjectHideFlags: 1
  m_PrefabParentObject: {fileID: 0}
  m_PrefabInternal: {fileID: 100100000}
  m_GameObject: {fileID: 157948}
  m_LocalRotation: {x: -0.00000000373592, y: -0.000000007445256, z: -0.0014272048,
    w: 0.999999}
  m_LocalPosition: {x: -0.023466246, y: 0, z: 0}
  m_LocalScale: {x: 1, y: 0.99999994, z: 0.9999999}
  m_Children: []
  m_Father: {fileID: 400380}
  m_RootOrder: 0
--- !u!4 &427288
Transform:
  m_ObjectHideFlags: 1
  m_PrefabParentObject: {fileID: 0}
  m_PrefabInternal: {fileID: 100100000}
  m_GameObject: {fileID: 146886}
  m_LocalRotation: {x: -0.000000012242451, y: 0.00000007358746, z: 0.114645086, w: 0.99340653}
  m_LocalPosition: {x: -0.28773203, y: -0.000000015258788, z: 0}
  m_LocalScale: {x: 1.0000001, y: 1.0000001, z: 1.0000001}
  m_Children:
  - {fileID: 428768}
  m_Father: {fileID: 401298}
  m_RootOrder: 0
--- !u!4 &428768
Transform:
  m_ObjectHideFlags: 1
  m_PrefabParentObject: {fileID: 0}
  m_PrefabInternal: {fileID: 100100000}
  m_GameObject: {fileID: 176268}
  m_LocalRotation: {x: -0.7386729, y: -0.06488037, z: -0.049600493, w: 0.66909844}
  m_LocalPosition: {x: -0.29775053, y: 0, z: 0}
  m_LocalScale: {x: 0.99999994, y: 1.0000001, z: 1}
  m_Children:
  - {fileID: 418382}
  - {fileID: 472316}
  - {fileID: 480166}
  - {fileID: 453106}
  - {fileID: 454210}
  m_Father: {fileID: 427288}
  m_RootOrder: 0
--- !u!4 &429042
Transform:
  m_ObjectHideFlags: 1
  m_PrefabParentObject: {fileID: 0}
  m_PrefabInternal: {fileID: 100100000}
  m_GameObject: {fileID: 161322}
  m_LocalRotation: {x: 0.015565312, y: 0.9929183, z: 0.065204, w: 0.09807852}
  m_LocalPosition: {x: 0.083454706, y: 0.0017984408, z: 0.09412906}
  m_LocalScale: {x: 1, y: 1, z: 1.0000001}
  m_Children:
  - {fileID: 441304}
  m_Father: {fileID: 470698}
  m_RootOrder: 0
--- !u!4 &431138
Transform:
  m_ObjectHideFlags: 1
  m_PrefabParentObject: {fileID: 0}
  m_PrefabInternal: {fileID: 100100000}
  m_GameObject: {fileID: 167074}
  m_LocalRotation: {x: -0.011396821, y: 0.10152677, z: -0.08452898, w: 0.9911697}
  m_LocalPosition: {x: -0.35110772, y: -0.000000015258788, z: 0}
  m_LocalScale: {x: 0.99999994, y: 1, z: 1}
  m_Children:
  - {fileID: 484874}
  m_Father: {fileID: 441304}
  m_RootOrder: 0
--- !u!4 &431326
Transform:
  m_ObjectHideFlags: 1
  m_PrefabParentObject: {fileID: 0}
  m_PrefabInternal: {fileID: 100100000}
  m_GameObject: {fileID: 186976}
  m_LocalRotation: {x: 4.1665832e-10, y: 0.0000000074389206, z: -0.055922937, w: 0.9984351}
  m_LocalPosition: {x: -0.031386655, y: 0, z: -0.000000015258788}
  m_LocalScale: {x: 1.0000001, y: 1.0000001, z: 1}
  m_Children:
  - {fileID: 422476}
  m_Father: {fileID: 486042}
  m_RootOrder: 0
--- !u!4 &439540
Transform:
  m_ObjectHideFlags: 1
  m_PrefabParentObject: {fileID: 0}
  m_PrefabInternal: {fileID: 100100000}
  m_GameObject: {fileID: 169276}
  m_LocalRotation: {x: 0.05467004, y: -0.18093674, z: -0.04080366, w: 0.98112595}
  m_LocalPosition: {x: -0.11976211, y: -0.0010428466, z: -0.03973884}
  m_LocalScale: {x: 0.9999999, y: 1.0000001, z: 0.99999994}
  m_Children:
  - {fileID: 411140}
  m_Father: {fileID: 496404}
  m_RootOrder: 3
--- !u!4 &441304
Transform:
  m_ObjectHideFlags: 1
  m_PrefabParentObject: {fileID: 0}
  m_PrefabInternal: {fileID: 100100000}
  m_GameObject: {fileID: 161626}
  m_LocalRotation: {x: -0.0000000013553838, y: -0.000000007559334, z: 0.067513086,
    w: 0.9977184}
  m_LocalPosition: {x: -0.36349243, y: -0.0000000019073485, z: 0}
  m_LocalScale: {x: 1.0000001, y: 0.99999994, z: 1}
  m_Children:
  - {fileID: 431138}
  m_Father: {fileID: 429042}
  m_RootOrder: 0
--- !u!4 &442380
Transform:
  m_ObjectHideFlags: 1
  m_PrefabParentObject: {fileID: 0}
  m_PrefabInternal: {fileID: 100100000}
  m_GameObject: {fileID: 142676}
  m_LocalRotation: {x: -0.55946845, y: -0.16387288, z: 0.8079776, w: -0.08551568}
  m_LocalPosition: {x: 0.0028723143, y: -0.0011091003, z: 0.045312002}
  m_LocalScale: {x: 1, y: 0.99999994, z: 1.0000001}
  m_Children:
  - {fileID: 401298}
  m_Father: {fileID: 478956}
  m_RootOrder: 1
--- !u!4 &443026
Transform:
  m_ObjectHideFlags: 1
  m_PrefabParentObject: {fileID: 0}
  m_PrefabInternal: {fileID: 100100000}
  m_GameObject: {fileID: 103742}
  m_LocalRotation: {x: 2.5873194e-14, y: -0.00000017512907, z: 0.06314142, w: 0.9980046}
  m_LocalPosition: {x: -0.16893199, y: -0.00016490172, z: -4.5736667e-10}
  m_LocalScale: {x: 1.0000001, y: 1.0000001, z: 1}
  m_Children:
  - {fileID: 478956}
  m_Father: {fileID: 488162}
  m_RootOrder: 0
--- !u!4 &443564
Transform:
  m_ObjectHideFlags: 1
  m_PrefabParentObject: {fileID: 0}
  m_PrefabInternal: {fileID: 100100000}
  m_GameObject: {fileID: 178998}
  m_LocalRotation: {x: 0.011396821, y: -0.10152684, z: -0.084528975, w: 0.9911697}
  m_LocalPosition: {x: -0.3511077, y: 0.000000015258788, z: 0.000000030517576}
  m_LocalScale: {x: 0.9999998, y: 0.9999999, z: 0.9999999}
  m_Children:
  - {fileID: 461538}
  m_Father: {fileID: 454540}
  m_RootOrder: 0
--- !u!4 &448496
Transform:
  m_ObjectHideFlags: 1
  m_PrefabParentObject: {fileID: 0}
  m_PrefabInternal: {fileID: 100100000}
  m_GameObject: {fileID: 107384}
  m_LocalRotation: {x: -0.50000036, y: 0.49999964, z: 0.49999964, w: 0.50000036}
  m_LocalPosition: {x: 0, y: 0.8944303, z: 0}
  m_LocalScale: {x: 0.99999994, y: 0.99999994, z: 1}
  m_Children:
  - {fileID: 476736}
  m_Father: {fileID: 483226}
  m_RootOrder: 0
--- !u!4 &453106
Transform:
  m_ObjectHideFlags: 1
  m_PrefabParentObject: {fileID: 0}
  m_PrefabInternal: {fileID: 100100000}
  m_GameObject: {fileID: 181756}
  m_LocalRotation: {x: -0.05467003, y: 0.18093674, z: -0.040803652, w: 0.98112595}
  m_LocalPosition: {x: -0.11976217, y: -0.0010429687, z: 0.039738867}
  m_LocalScale: {x: 1, y: 1.0000001, z: 1.0000001}
  m_Children:
  - {fileID: 499784}
  m_Father: {fileID: 428768}
  m_RootOrder: 3
--- !u!4 &454210
Transform:
  m_ObjectHideFlags: 1
  m_PrefabParentObject: {fileID: 0}
  m_PrefabInternal: {fileID: 100100000}
  m_GameObject: {fileID: 107350}
  m_LocalRotation: {x: -0.10989405, y: 0.3030921, z: -0.034397013, w: 0.9459785}
  m_LocalPosition: {x: -0.10251363, y: 0.0022598875, z: 0.0697942}
  m_LocalScale: {x: 1.0000001, y: 1.0000001, z: 1.0000001}
  m_Children:
  - {fileID: 400380}
  m_Father: {fileID: 428768}
  m_RootOrder: 4
--- !u!4 &454536
Transform:
  m_ObjectHideFlags: 1
  m_PrefabParentObject: {fileID: 0}
  m_PrefabInternal: {fileID: 100100000}
  m_GameObject: {fileID: 173734}
  m_LocalRotation: {x: 0.000000007484079, y: 0.0000000074169315, z: -0.004506202,
    w: 0.99998987}
  m_LocalPosition: {x: -0.03761224, y: 0, z: 0}
  m_LocalScale: {x: 0.99999994, y: 0.99999994, z: 1}
  m_Children:
  - {fileID: 476722}
  m_Father: {fileID: 425488}
  m_RootOrder: 0
--- !u!4 &454540
Transform:
  m_ObjectHideFlags: 1
  m_PrefabParentObject: {fileID: 0}
  m_PrefabInternal: {fileID: 100100000}
  m_GameObject: {fileID: 190912}
  m_LocalRotation: {x: -0.000000007936593, y: 0.0000000069305695, z: 0.06751308, w: 0.9977184}
  m_LocalPosition: {x: -0.3634924, y: -0.0000000019073485, z: -0.000000030517576}
  m_LocalScale: {x: 1, y: 1, z: 1}
  m_Children:
  - {fileID: 443564}
  m_Father: {fileID: 496826}
  m_RootOrder: 0
--- !u!4 &454642
Transform:
  m_ObjectHideFlags: 1
  m_PrefabParentObject: {fileID: 0}
  m_PrefabInternal: {fileID: 100100000}
  m_GameObject: {fileID: 175946}
  m_LocalRotation: {x: -0.7071068, y: 0, z: -0, w: 0.7071068}
  m_LocalPosition: {x: 0, y: 0, z: 0}
  m_LocalScale: {x: 1, y: 1, z: 1}
  m_Children: []
  m_Father: {fileID: 483226}
  m_RootOrder: 1
--- !u!4 &454784
Transform:
  m_ObjectHideFlags: 1
  m_PrefabParentObject: {fileID: 0}
  m_PrefabInternal: {fileID: 100100000}
  m_GameObject: {fileID: 161520}
  m_LocalRotation: {x: 0.55946827, y: 0.16387066, z: 0.8079781, w: -0.08551724}
  m_LocalPosition: {x: 0.0028723143, y: -0.0011088562, z: -0.045312002}
  m_LocalScale: {x: 1, y: 1, z: 1.0000001}
  m_Children:
  - {fileID: 491396}
  m_Father: {fileID: 478956}
  m_RootOrder: 2
--- !u!4 &458110
Transform:
  m_ObjectHideFlags: 1
  m_PrefabParentObject: {fileID: 0}
  m_PrefabInternal: {fileID: 100100000}
  m_GameObject: {fileID: 195712}
  m_LocalRotation: {x: -0.010928953, y: 0.0024411138, z: 0.24692708, w: 0.96896935}
  m_LocalPosition: {x: -0.13323742, y: -0.00011206054, z: 0.000002532959}
  m_LocalScale: {x: 0.9999998, y: 1, z: 1}
  m_Children: []
  m_Father: {fileID: 463068}
  m_RootOrder: 0
--- !u!4 &461538
Transform:
  m_ObjectHideFlags: 1
  m_PrefabParentObject: {fileID: 0}
  m_PrefabInternal: {fileID: 100100000}
  m_GameObject: {fileID: 150610}
  m_LocalRotation: {x: -0.000000015454313, y: 0.000000015454313, z: -0.7071068, w: 0.7071068}
  m_LocalPosition: {x: -0.19959404, y: 0.12918183, z: -0.000000015258788}
  m_LocalScale: {x: 1, y: 1, z: 1}
  m_Children: []
  m_Father: {fileID: 443564}
  m_RootOrder: 0
--- !u!4 &461916
Transform:
  m_ObjectHideFlags: 1
  m_PrefabParentObject: {fileID: 0}
  m_PrefabInternal: {fileID: 100100000}
  m_GameObject: {fileID: 186706}
  m_LocalRotation: {x: 0.0000000151022, y: -0.0000000070341573, z: 0.027753169, w: 0.99961483}
  m_LocalPosition: {x: -0.040898617, y: -0.00000006103515, z: -0.00000006103515}
  m_LocalScale: {x: 0.9999999, y: 0.99999994, z: 1}
  m_Children: []
  m_Father: {fileID: 482542}
  m_RootOrder: 0
--- !u!4 &462410
Transform:
  m_ObjectHideFlags: 1
  m_PrefabParentObject: {fileID: 0}
  m_PrefabInternal: {fileID: 100100000}
  m_GameObject: {fileID: 151432}
  m_LocalRotation: {x: 0.0000000011758126, y: -0.00000020164673, z: 0.07509336, w: 0.9971765}
  m_LocalPosition: {x: -0.124986194, y: -0.00012591553, z: 0.000000007629394}
  m_LocalScale: {x: 1, y: 1.0000001, z: 1}
  m_Children: []
  m_Father: {fileID: 498376}
  m_RootOrder: 0
--- !u!4 &463068
Transform:
  m_ObjectHideFlags: 1
  m_PrefabParentObject: {fileID: 0}
  m_PrefabInternal: {fileID: 100100000}
  m_GameObject: {fileID: 153816}
  m_LocalRotation: {x: -0.07129302, y: 0.0024540036, z: 0.97418755, w: 0.2141728}
  m_LocalPosition: {x: -0.024782103, y: -0.10151086, z: 0.032170597}
  m_LocalScale: {x: 1.0000001, y: 1, z: 1.0000001}
  m_Children:
  - {fileID: 458110}
  m_Father: {fileID: 488352}
  m_RootOrder: 0
--- !u!4 &463862
Transform:
  m_ObjectHideFlags: 1
  m_PrefabParentObject: {fileID: 0}
  m_PrefabInternal: {fileID: 100100000}
  m_GameObject: {fileID: 176008}
  m_LocalRotation: {x: -0.000000014897623, y: 3.2474406e-10, z: -0.021793207, w: 0.99976254}
  m_LocalPosition: {x: -0.028078124, y: 0.0000001220703, z: 0}
  m_LocalScale: {x: 1.0000001, y: 1, z: 0.9999999}
  m_Children: []
  m_Father: {fileID: 483904}
  m_RootOrder: 0
--- !u!4 &470698
Transform:
  m_ObjectHideFlags: 1
  m_PrefabParentObject: {fileID: 0}
  m_PrefabInternal: {fileID: 100100000}
  m_GameObject: {fileID: 184500}
  m_LocalRotation: {x: -0.000002087159, y: 0.00000070043075, z: -0.0101915235, w: 0.9999481}
  m_LocalPosition: {x: -0.083473995, y: -0.00009731762, z: 0.00000011589668}
  m_LocalScale: {x: 1, y: 0.99999994, z: 0.99999994}
  m_Children:
  - {fileID: 429042}
  - {fileID: 496826}
  - {fileID: 488162}
  - {fileID: 498376}
  m_Father: {fileID: 476736}
  m_RootOrder: 0
--- !u!4 &472316
Transform:
  m_ObjectHideFlags: 1
  m_PrefabParentObject: {fileID: 0}
  m_PrefabInternal: {fileID: 100100000}
  m_GameObject: {fileID: 152946}
  m_LocalRotation: {x: -0.0040419865, y: -0.042059585, z: -0.014921734, w: 0.9989955}
  m_LocalPosition: {x: -0.12550908, y: 0.0024002683, z: -0.040228345}
  m_LocalScale: {x: 1.0000001, y: 0.99999994, z: 1.0000001}
  m_Children:
  - {fileID: 483904}
  m_Father: {fileID: 428768}
  m_RootOrder: 1
--- !u!4 &476722
Transform:
  m_ObjectHideFlags: 1
  m_PrefabParentObject: {fileID: 0}
  m_PrefabInternal: {fileID: 100100000}
  m_GameObject: {fileID: 133918}
  m_LocalRotation: {x: 2.0677729e-10, y: -0.0000000074477104, z: 0.02775318, w: 0.99961483}
  m_LocalPosition: {x: -0.040898558, y: -0.00000006103515, z: 0.00000006103515}
  m_LocalScale: {x: 1, y: 0.99999994, z: 1}
  m_Children: []
  m_Father: {fileID: 454536}
  m_RootOrder: 0
--- !u!4 &476736
Transform:
  m_ObjectHideFlags: 1
  m_PrefabParentObject: {fileID: 0}
  m_PrefabInternal: {fileID: 100100000}
  m_GameObject: {fileID: 186532}
  m_LocalRotation: {x: -0.49999964, y: 0.50000036, z: 0.49999964, w: 0.50000036}
  m_LocalPosition: {x: 0, y: 0, z: 0}
  m_LocalScale: {x: 1, y: 0.99999994, z: 0.99999994}
  m_Children:
  - {fileID: 470698}
  m_Father: {fileID: 448496}
  m_RootOrder: 0
--- !u!4 &478956
Transform:
  m_ObjectHideFlags: 1
  m_PrefabParentObject: {fileID: 0}
  m_PrefabInternal: {fileID: 100100000}
  m_GameObject: {fileID: 199080}
  m_LocalRotation: {x: 1.1980988e-13, y: 0.000000457677, z: -0.16501188, w: 0.9862916}
  m_LocalPosition: {x: -0.23196043, y: 0.0059130853, z: 0.000000017784593}
  m_LocalScale: {x: 1.0000001, y: 1.0000001, z: 1}
  m_Children:
  - {fileID: 488352}
  - {fileID: 442380}
  - {fileID: 454784}
  m_Father: {fileID: 443026}
  m_RootOrder: 0
--- !u!4 &479808
Transform:
  m_ObjectHideFlags: 1
  m_PrefabParentObject: {fileID: 0}
  m_PrefabInternal: {fileID: 100100000}
  m_GameObject: {fileID: 163208}
  m_LocalRotation: {x: 0.10989402, y: -0.30309212, z: -0.03439706, w: 0.9459785}
  m_LocalPosition: {x: -0.102513604, y: 0.0022598875, z: -0.06979417}
  m_LocalScale: {x: 1, y: 0.99999994, z: 1.0000001}
  m_Children:
  - {fileID: 410142}
  m_Father: {fileID: 496404}
  m_RootOrder: 4
--- !u!4 &480166
Transform:
  m_ObjectHideFlags: 1
  m_PrefabParentObject: {fileID: 0}
  m_PrefabInternal: {fileID: 100100000}
  m_GameObject: {fileID: 110462}
  m_LocalRotation: {x: -0.02099668, y: 0.066806875, z: -0.04227778, w: 0.99664867}
  m_LocalPosition: {x: -0.12598677, y: -0.0040667723, z: -0.0006401214}
  m_LocalScale: {x: 1.0000002, y: 1, z: 1.0000001}
  m_Children:
  - {fileID: 499160}
  m_Father: {fileID: 428768}
  m_RootOrder: 2
--- !u!4 &482542
Transform:
  m_ObjectHideFlags: 1
  m_PrefabParentObject: {fileID: 0}
  m_PrefabInternal: {fileID: 100100000}
  m_GameObject: {fileID: 194730}
  m_LocalRotation: {x: -0.000000029802013, y: 1.3429391e-10, z: -0.0045061563, w: 0.99998987}
  m_LocalPosition: {x: -0.03761224, y: -0.000000030517576, z: 0.00000006103515}
  m_LocalScale: {x: 1.0000001, y: 1.0000002, z: 1}
  m_Children:
  - {fileID: 461916}
  m_Father: {fileID: 418382}
  m_RootOrder: 0
--- !u!4 &483226
Transform:
  m_ObjectHideFlags: 1
  m_PrefabParentObject: {fileID: 0}
  m_PrefabInternal: {fileID: 100100000}
  m_GameObject: {fileID: 102818}
  m_LocalRotation: {x: 0, y: -0.62417513, z: 0, w: 0.7812845}
  m_LocalPosition: {x: 7.94, y: 5.84, z: 0.57}
  m_LocalScale: {x: 1, y: 1, z: 1}
  m_Children:
  - {fileID: 448496}
  - {fileID: 454642}
  m_Father: {fileID: 0}
  m_RootOrder: 0
--- !u!4 &483904
Transform:
  m_ObjectHideFlags: 1
  m_PrefabParentObject: {fileID: 0}
  m_PrefabInternal: {fileID: 100100000}
  m_GameObject: {fileID: 104650}
  m_LocalRotation: {x: 0, y: 0, z: -0.055922955, w: 0.9984351}
  m_LocalPosition: {x: -0.031386685, y: 0, z: 0}
  m_LocalScale: {x: 1, y: 1.0000001, z: 1}
  m_Children:
  - {fileID: 463862}
  m_Father: {fileID: 472316}
  m_RootOrder: 0
--- !u!4 &484874
Transform:
  m_ObjectHideFlags: 1
  m_PrefabParentObject: {fileID: 0}
  m_PrefabInternal: {fileID: 100100000}
  m_GameObject: {fileID: 159820}
  m_LocalRotation: {x: 0.000000015454312, y: -0.000000015454313, z: -0.7071068, w: 0.7071068}
  m_LocalPosition: {x: -0.19959404, y: 0.12918185, z: 0}
  m_LocalScale: {x: 1, y: 1, z: 1}
  m_Children: []
  m_Father: {fileID: 431138}
  m_RootOrder: 0
--- !u!4 &486042
Transform:
  m_ObjectHideFlags: 1
  m_PrefabParentObject: {fileID: 0}
  m_PrefabInternal: {fileID: 100100000}
  m_GameObject: {fileID: 174670}
  m_LocalRotation: {x: 0.0040419945, y: 0.042059574, z: -0.014921736, w: 0.9989955}
  m_LocalPosition: {x: -0.12550905, y: 0.0024002683, z: 0.040228345}
  m_LocalScale: {x: 0.99999994, y: 0.9999998, z: 1.0000001}
  m_Children:
  - {fileID: 431326}
  m_Father: {fileID: 496404}
  m_RootOrder: 1
--- !u!4 &486800
Transform:
  m_ObjectHideFlags: 1
  m_PrefabParentObject: {fileID: 0}
  m_PrefabInternal: {fileID: 100100000}
  m_GameObject: {fileID: 133658}
  m_LocalRotation: {x: -0.00000000279331, y: 6.06077e-11, z: -0.021692341, w: 0.9997647}
  m_LocalPosition: {x: -0.029974608, y: 0, z: 0.000000007629394}
  m_LocalScale: {x: 1.0000001, y: 1.0000001, z: 1}
  m_Children: []
  m_Father: {fileID: 499784}
  m_RootOrder: 0
--- !u!4 &488162
Transform:
  m_ObjectHideFlags: 1
  m_PrefabParentObject: {fileID: 0}
  m_PrefabInternal: {fileID: 100100000}
  m_GameObject: {fileID: 107430}
  m_LocalRotation: {x: 1.33259086e-14, y: -0.00000011508105, z: 0.04149158, w: 0.9991389}
  m_LocalPosition: {x: -0.12228289, y: -0.00013406371, z: -3.7183778e-10}
  m_LocalScale: {x: 1, y: 1, z: 1}
  m_Children:
  - {fileID: 443026}
  m_Father: {fileID: 470698}
  m_RootOrder: 2
--- !u!4 &488352
Transform:
  m_ObjectHideFlags: 1
  m_PrefabParentObject: {fileID: 0}
  m_PrefabInternal: {fileID: 100100000}
  m_GameObject: {fileID: 147004}
  m_LocalRotation: {x: -4.2692947e-15, y: 0.000000118732444, z: -0.042807385, w: 0.99908334}
  m_LocalPosition: {x: -0.08230041, y: 0, z: -5.820766e-14}
  m_LocalScale: {x: 1, y: 1, z: 1}
  m_Children:
  - {fileID: 463068}
  - {fileID: 404948}
  m_Father: {fileID: 478956}
  m_RootOrder: 0
--- !u!4 &490142
Transform:
  m_ObjectHideFlags: 1
  m_PrefabParentObject: {fileID: 0}
  m_PrefabInternal: {fileID: 100100000}
  m_GameObject: {fileID: 177608}
  m_LocalRotation: {x: -0.000000011154592, y: 0.000000014917097, z: -0.0014272197,
    w: 0.999999}
  m_LocalPosition: {x: -0.023466276, y: 0, z: 0}
  m_LocalScale: {x: 1, y: 1, z: 1}
  m_Children: []
  m_Father: {fileID: 410142}
  m_RootOrder: 0
--- !u!4 &491396
Transform:
  m_ObjectHideFlags: 1
  m_PrefabParentObject: {fileID: 0}
  m_PrefabInternal: {fileID: 100100000}
  m_GameObject: {fileID: 152826}
  m_LocalRotation: {x: -0.12676512, y: 0.18074815, z: 0.0076851, w: 0.97529566}
  m_LocalPosition: {x: -0.2019348, y: -0.000000045776364, z: -0.0000001220703}
  m_LocalScale: {x: 1, y: 1.0000001, z: 0.99999994}
  m_Children:
  - {fileID: 417254}
  m_Father: {fileID: 454784}
  m_RootOrder: 0
--- !u!4 &496404
Transform:
  m_ObjectHideFlags: 1
  m_PrefabParentObject: {fileID: 0}
  m_PrefabInternal: {fileID: 100100000}
  m_GameObject: {fileID: 194748}
  m_LocalRotation: {x: 0.7386729, y: 0.064880334, z: -0.04960048, w: 0.66909844}
  m_LocalPosition: {x: -0.29775047, y: -0.000000007629394, z: 0}
  m_LocalScale: {x: 1, y: 1.0000001, z: 1}
  m_Children:
  - {fileID: 425488}
  - {fileID: 486042}
  - {fileID: 416622}
  - {fileID: 439540}
  - {fileID: 479808}
  m_Father: {fileID: 417254}
  m_RootOrder: 0
--- !u!4 &496826
Transform:
  m_ObjectHideFlags: 1
  m_PrefabParentObject: {fileID: 0}
  m_PrefabInternal: {fileID: 100100000}
  m_GameObject: {fileID: 113370}
  m_LocalRotation: {x: 0.015565039, y: 0.9929185, z: -0.06520125, w: -0.098078646}
  m_LocalPosition: {x: 0.083454706, y: 0.0017989615, z: -0.09412906}
  m_LocalScale: {x: 1, y: 1, z: 1.0000001}
  m_Children:
  - {fileID: 454540}
  m_Father: {fileID: 470698}
  m_RootOrder: 1
--- !u!4 &498376
Transform:
  m_ObjectHideFlags: 1
  m_PrefabParentObject: {fileID: 0}
  m_PrefabInternal: {fileID: 100100000}
  m_GameObject: {fileID: 142772}
  m_LocalRotation: {x: -0.18041499, y: 0.7764444, z: 0.5776177, w: 0.1759047}
  m_LocalPosition: {x: -0.021388, y: 0.04160101, z: 0.18197596}
  m_LocalScale: {x: 1.0000001, y: 1.0000001, z: 1}
  m_Children:
  - {fileID: 462410}
  m_Father: {fileID: 470698}
  m_RootOrder: 3
--- !u!4 &499038
Transform:
  m_ObjectHideFlags: 1
  m_PrefabParentObject: {fileID: 0}
  m_PrefabInternal: {fileID: 100100000}
  m_GameObject: {fileID: 196712}
  m_LocalRotation: {x: -0.000000003802583, y: -0.0000000036463597, z: -0.020967936,
    w: 0.9997802}
  m_LocalPosition: {x: -0.035215728, y: 0, z: 0.000000015258788}
  m_LocalScale: {x: 1, y: 0.9999999, z: 0.99999994}
  m_Children:
  - {fileID: 417304}
  m_Father: {fileID: 416622}
  m_RootOrder: 0
--- !u!4 &499160
Transform:
  m_ObjectHideFlags: 1
  m_PrefabParentObject: {fileID: 0}
  m_PrefabInternal: {fileID: 100100000}
  m_GameObject: {fileID: 109358}
  m_LocalRotation: {x: 0, y: 0, z: -0.020967947, w: 0.9997802}
  m_LocalPosition: {x: -0.035215758, y: 0, z: 0}
  m_LocalScale: {x: 1.0000001, y: 1.0000001, z: 1.0000001}
  m_Children:
  - {fileID: 421626}
  m_Father: {fileID: 480166}
  m_RootOrder: 0
--- !u!4 &499784
Transform:
  m_ObjectHideFlags: 1
  m_PrefabParentObject: {fileID: 0}
  m_PrefabInternal: {fileID: 100100000}
  m_GameObject: {fileID: 103354}
  m_LocalRotation: {x: -0.000000013391269, y: 0.0000000041127297, z: -0.02880474,
    w: 0.9995851}
  m_LocalPosition: {x: -0.030172087, y: 0, z: 0}
  m_LocalScale: {x: 0.99999994, y: 1, z: 1}
  m_Children:
  - {fileID: 486800}
  m_Father: {fileID: 453106}
  m_RootOrder: 0
--- !u!54 &5436564
Rigidbody:
  m_ObjectHideFlags: 1
  m_PrefabParentObject: {fileID: 0}
  m_PrefabInternal: {fileID: 100100000}
  m_GameObject: {fileID: 102818}
  serializedVersion: 2
  m_Mass: 1
  m_Drag: 0
  m_AngularDrag: 0.05
  m_UseGravity: 0
  m_IsKinematic: 0
  m_Interpolate: 0
  m_Constraints: 112
  m_CollisionDetection: 0
--- !u!95 &9580852
Animator:
  serializedVersion: 3
  m_ObjectHideFlags: 1
  m_PrefabParentObject: {fileID: 0}
  m_PrefabInternal: {fileID: 100100000}
  m_GameObject: {fileID: 102818}
  m_Enabled: 1
  m_Avatar: {fileID: 9000000, guid: ba3dde5c76cfe694e9ccf6d34bb7fe02, type: 3}
  m_Controller: {fileID: 0}
  m_CullingMode: 1
  m_UpdateMode: 0
  m_ApplyRootMotion: 0
  m_LinearVelocityBlending: 0
  m_WarningMessage: 
  m_HasTransformHierarchy: 1
  m_AllowConstantClipSamplingOptimization: 1
--- !u!114 &11405520
MonoBehaviour:
  m_ObjectHideFlags: 1
  m_PrefabParentObject: {fileID: 0}
  m_PrefabInternal: {fileID: 100100000}
  m_GameObject: {fileID: 102818}
  m_Enabled: 1
  m_EditorHideFlags: 0
  m_Script: {fileID: 11500000, guid: 21e84d426cd77ea48872b5e73c3ebb32, type: 3}
  m_Name: 
  m_EditorClassIdentifier: 
--- !u!114 &11493094
MonoBehaviour:
  m_ObjectHideFlags: 1
  m_PrefabParentObject: {fileID: 0}
  m_PrefabInternal: {fileID: 100100000}
  m_GameObject: {fileID: 102818}
  m_Enabled: 1
  m_EditorHideFlags: 0
  m_Script: {fileID: 11500000, guid: ec2dc47b838c2c349a8c7066f66c19e2, type: 3}
  m_Name: 
  m_EditorClassIdentifier: 
  direction: {x: -1, y: 1, z: 0}
  strength: 3
  type: 1
--- !u!137 &13726684
SkinnedMeshRenderer:
  m_ObjectHideFlags: 1
  m_PrefabParentObject: {fileID: 0}
  m_PrefabInternal: {fileID: 100100000}
  m_GameObject: {fileID: 175946}
  m_Enabled: 1
  m_CastShadows: 1
  m_ReceiveShadows: 1
  m_Materials:
  - {fileID: 2100000, guid: 35fc5a7ca0c25c844a6830a76f94c9e6, type: 2}
  m_SubsetIndices: 
  m_StaticBatchRoot: {fileID: 0}
  m_UseLightProbes: 1
  m_ReflectionProbeUsage: 1
  m_ProbeAnchor: {fileID: 0}
  m_ScaleInLightmap: 1
  m_PreserveUVs: 0
  m_IgnoreNormalsForChartDetection: 0
  m_ImportantGI: 0
  m_MinimumChartSize: 4
  m_AutoUVMaxDistance: 0.5
  m_AutoUVMaxAngle: 89
  m_LightmapParameters: {fileID: 0}
  m_SortingLayerID: 0
  m_SortingOrder: 0
  serializedVersion: 2
  m_Quality: 0
  m_UpdateWhenOffscreen: 0
  m_Mesh: {fileID: 4300000, guid: ba3dde5c76cfe694e9ccf6d34bb7fe02, type: 3}
  m_Bones:
  - {fileID: 488352}
  - {fileID: 478956}
  - {fileID: 463068}
  - {fileID: 458110}
  - {fileID: 488162}
  - {fileID: 443026}
  - {fileID: 470698}
  - {fileID: 498376}
  - {fileID: 462410}
  - {fileID: 404948}
  - {fileID: 409858}
  - {fileID: 427288}
  - {fileID: 428768}
  - {fileID: 418382}
  - {fileID: 482542}
  - {fileID: 461916}
  - {fileID: 472316}
  - {fileID: 483904}
  - {fileID: 463862}
  - {fileID: 480166}
  - {fileID: 499160}
  - {fileID: 421626}
  - {fileID: 453106}
  - {fileID: 499784}
  - {fileID: 486800}
  - {fileID: 454210}
  - {fileID: 400380}
  - {fileID: 426588}
  - {fileID: 442380}
  - {fileID: 401298}
  - {fileID: 454784}
  - {fileID: 476736}
  - {fileID: 429042}
  - {fileID: 441304}
  - {fileID: 431138}
  - {fileID: 484874}
  - {fileID: 496826}
  - {fileID: 491396}
  - {fileID: 496404}
  - {fileID: 417254}
  - {fileID: 425488}
  - {fileID: 454536}
  - {fileID: 476722}
  - {fileID: 486042}
  - {fileID: 431326}
  - {fileID: 422476}
  - {fileID: 416622}
  - {fileID: 499038}
  - {fileID: 417304}
  - {fileID: 439540}
  - {fileID: 411140}
  - {fileID: 407240}
  - {fileID: 479808}
  - {fileID: 410142}
  - {fileID: 490142}
  - {fileID: 454540}
  - {fileID: 443564}
  - {fileID: 461538}
  m_BlendShapeWeights: []
  m_RootBone: {fileID: 476736}
  m_AABB:
    m_Center: {x: -0.057964474, y: -0.032042794, z: -0.000000029802322}
    m_Extent: {x: 0.95212877, y: 0.24255222, z: 0.8133738}
  m_DirtyAABB: 0
--- !u!1001 &100100000
Prefab:
  m_ObjectHideFlags: 1
  serializedVersion: 2
  m_Modification:
    m_TransformParent: {fileID: 0}
    m_Modifications: []
    m_RemovedComponents: []
  m_ParentPrefab: {fileID: 0}
  m_RootGameObject: {fileID: 102818}
  m_IsPrefabParent: 1
